5017 6675
1010 531 1063 587 DE
1081 530 1356 592 PROVIDEN'PIA.
1989 547 2029 605 Ἃ)

263 684 323 776 2¹3:
334 680 447 750 datur,
475 683 609 754 conjugia
625 699 685 740 etse
701 684 808 753 fatalia,
827 702 860 740 ac
879 692 985 740 certum
1002 686 1104 758 cuique
1123 686 1170 742 ho·
1196 687 1226 741 ia
1244 688 1312 741 aliie
1324 688 1417 741 cauea
1428 687 1573 764 latraret,
1587 691 1738 743 sccaadam
1757 690 1869 760 aliquae
1885 691 1973 760 ipitar
1990 694 2032 746 iu·

263 786 302 828 u„
333 766 398 821 mini
432 768 587 838 praefixum
614 787 674 825 esse
701 771 775 826 ritae
799 771 954 825 terminum.
1003 772 1067 826 Non
1097 772 1169 827 anim
1189 774 1317 839 seriores
1336 792 1436 828 causas
1454 775 1520 843 jam
1537 774 1622 828 oetam
1634 777 1767 843 finierat,
1792 779 1943 831 comedam
1962 780 2032 833 illas

334 854 400 908 haee
428 854 613 926 intelligenda
641 856 678 910 de
712 857 840 912 absoluto
869 857 990 928 quodam
1019 865 1048 913 et
1072 874 1170 912 ceusu
1196 867 1302 928 autem,
1326 877 1397 928 qaae
1422 868 1486 914 aaut
1504 861 1534 912 ia
1557 860 1699 914 voluntate
1716 870 1742 915 ot
1756 863 1945 931 praescientia
1964 866 2032 933 Dei,
2045 873 2079 915 IV.
2093 872 2127 916 tt.

334 957 439 1001 omnes,
462 947 523 995 tum
545 942 698 1011 naturales,
728 949 787 996 tum
810 943 980 997 voluntarias
1007 944 1170 998 excludente
1195 945 1246 1013 qai
1262 962 1294 996 oa
1313 953 1426 998 aeterno
1443 954 1576 1014 novarat,
1597 949 1674 1015 qaod
1691 947 1743 1000 illo
1762 956 1884 1018 tempore
1899 951 2031 1016 facturus

334 1026 459 1095 decreto;
489 1029 537 1081 sed
567 1027 662 1081 divina
685 1028 860 1097 providentia
885 1046 1031 1083 causarum
1058 1035 1169 1083 natura-
1196 1038 1271 1098 crat,
1296 1038 1323 1083 et
1338 1031 1389 1087 boc
1407 1047 1469 1084 uero
1482 1032 1616 1098 faturum
1635 1041 1711 1099 crat,
1737 1042 1803 1087 tuac
1822 1043 1883 1089 crat
1900 1036 2033 1101 finiturus

333 1111 396 1165 lium
425 1113 598 1167 nativitatem
624 1119 653 1168 et
678 1114 828 1169 voluntatis
854 1115 990 1169 humanae
1013 1115 1169 1170 libertatem
1195 1116 1292 1183 vitam,
1312 1119 1427 1185 quoodo
1439 1118 1535 1184 finiuit
1551 1118 1650 1183 sitam,
1668 1121 1736 1188 quia
1754 1121 1796 1174 ric
1814 1122 1910 1175 oranti
1926 1139 2032 1175 concae

333 1197 465 1252 includit:
490 1198 559 1270 quin
581 1199 665 1253 etiam
686 1199 890 1269 respiciendum
914 1200 967 1256 bac
987 1202 1016 1254 in
1037 1207 1115 1271 parte
1132 1201 1169 1254 ad
1194 1218 1254 1253 earn
1277 1204 1330 1269 est,
1356 1204 1440 1255 ctiam
1463 1205 1584 1257 sicema
1604 1214 1763 1273 oraturam,
1788 1215 1819 1259 at
1837 1208 1892 1260 tali
1908 1208 2034 1261 orcam·

331 1283 519 1338 obedientiam
544 1302 577 1339 ac
601 1284 818 1340 inobedientiam
842 1285 959 1339 hominis
984 1302 1052 1357 erge
1068 1286 1168 1354 Deum,
1194 1288 1310 1340 concedi
1342 1297 1497 1357 oporteret,
1529 1290 1579 1343 ille
1608 1291 1703 1359 utiqtse
1726 1293 1920 1361 praesciebat,
1952 1294 2033 1362 apae

332 1386 449 1440 quarum
473 1370 523 1424 illa
546 1371 620 1425 felici
638 1371 785 1442 conjugio,
807 1371 992 1442 prosperitate
1010 1389 1043 1425 ac
1060 1394 1168 1444 μακρο-
1190 1373 1385 1440 praescientia
1408 1374 1483 1439 falli
1499 1393 1554 1429 aon
1571 1383 1699 1445 poterat,
1724 1385 1750 1430 et
1772 1377 1836 1431 ideo
1856 1380 1934 1446 qaod
1947 1394 2033 1446 prae·

330 1454 439 1524 pedrosa
459 1456 596 1511 ordinarie
619 1465 824 1526 remuneratur,
854 1457 924 1512 baec
948 1475 1013 1513 vero
1038 1459 1168 1529 conjugio
1193 1457 1305 1526 acicbat,
1323 1460 1481 1513 necesaria
1492 1462 1626 1527 faurum
1643 1470 1711 1516 erat.
2081 1524 2083 1528 ¹

331 1541 447 1607 infelici,
471 1542 683 1597 adversitatibus
702 1550 731 1597 et
749 1542 941 1615 ppcpspro'rrn
963 1544 1101 1597 ordinarie
1119 1562 1168 1612 pu·
1229 1550 1270 1599 el.
1307 1545 1349 1598 Ex
1368 1545 1421 1599 hoe
1443 1546 1504 1601 loco
1523 1548 1676 1620 Augustini
1694 1548 1827 1602 desumsit
1843 1548 1972 1618 Lyranus
1992 1550 2033 1604 di-

330 1627 411 1680 uitur.
448 1627 580 1682 Proverb.
605 1634 643 1696 le,
660 1646 685 1684 v.
707 1634 750 1684 14:
774 1629 848 1681 Uror
864 1632 1022 1697 prudenso
1036 1633 1167 1686 Domino.
1194 1630 1379 1698 stinatianam,
1392 1647 1448 1702 qua
1464 1632 1552 1688 utitur
1569 1633 1598 1687 in
1612 1650 1708 1689 comm
1722 1633 1785 1688 Job.
1805 1640 1841 1689 14.
1866 1633 2033 1690 Constitutio

330 1712 434 1767 Boules.
464 1721 510 1780 25,
534 1730 559 1766 r.
588 1720 618 1768 3:
654 1714 729 1768 Ucor
749 1716 843 1782 proba
873 1716 987 1768 dabitur
1014 1716 1087 1783 illis,
1120 1718 1169 1785 qai
1194 1715 1304 1768 termini
1322 1716 1401 1770 istius
1421 1718 1532 1788 (inquit)
1553 1718 1702 1789 dupliciter
1718 1719 1836 1790 intelligi
1853 1726 1958 1790 potest:
1975 1736 2032 1776 ano

330 1801 425 1852 timeat
444 1801 606 1854 Dominum.
641 1801 727 1854 Exod.
750 1806 792 1870 20,
811 1819 836 1857 v.
859 1807 902 1856 12:
922 1804 1042 1855 Honora
1056 1810 1168 1871 patrem
1194 1800 1284 1868 modo,
1299 1810 1388 1871 prout
1407 1811 1446 1856 est
1463 1804 1494 1856 io
1511 1805 1610 1858 diuina
1623 1806 1808 1874 ordinatione,
1826 1811 1855 1859 et
1871 1805 1910 1860 sie
1922 1808 2032 1861 termini

330 1894 356 1938 et
377 1894 509 1954 matrem,
533 1895 563 1938 at
583 1889 624 1939 eie
646 1887 797 1955 loapaecas
814 1897 1029 1956 superterram.
1065 1887 1168 1941 Psalm.
1194 1886 1269 1939 ritae
1287 1886 1405 1940 hominis
1423 1887 1566 1958 praeteriri
1583 1906 1638 1944 non
1656 1898 1775 1961 possunt
1793 1891 1970 1961 anticipando
1987 1893 2032 1947 vel

331 1978 379 2039 55,
396 1989 422 2028 v.
444 1977 491 2026 tt:
521 1973 584 2025 Viri
605 1975 775 2040 saapuiaam'
796 1982 823 2027 et
844 1975 939 2027 dolosi
959 1993 1014 2027 aon
1034 1975 1169 2027 dimidia·
1195 1971 1363 2040 differendo,
1400 1973 1466 2043 quia
1490 1975 1550 2043 ejus
1580 1975 1755 2044 providentia
1788 1982 1830 2031 eat
1862 1976 2030 2047 infallibilis;

331 2058 396 2110 duat
416 2059 479 2111 dica
495 2076 568 2115 susce.
1194 2058 1249 2111 alio
1280 2058 1375 2128 modo,
1409 2068 1439 2112 ut
1469 2068 1508 2113 oet
1532 2062 1560 2114 io
1586 2064 1684 2131 effecta
1710 2064 1855 2127 amariori,
1887 2063 1917 2117 in
1943 2080 2031 2134 quan-

366 2149 407 2197 77.
437 2142 497 2197 Has
516 2150 609 2197 tamen
627 2144 821 2214 promissiones
840 2150 868 2199 et
886 2145 1110 2201 comminationes
1129 2147 1167 2201 di·
1193 2151 1252 2199 tum
1277 2161 1310 2199 ex
1337 2146 1511 2201 neutralibus
1535 2148 1625 2202 causis
1650 2156 1693 2204 est
1713 2149 1842 2220 periodus
1866 2156 1940 2205 certa
1957 2149 2031 2204 vitae
2058 2213 2061 2216 ,

331 2228 409 2282 unas
433 2246 496 2282 cum
521 2231 682 2300 exceptione
706 2230 796 2284 crucis
815 2237 842 2285 et
861 2247 924 2284 cum
941 2232 1088 2303 privilegio
1105 2226 1170 2302 pro?
1194 2230 1312 2285 hominis
1339 2237 1367 2285 et
1385 2232 1414 2285 in
1440 2232 1580 2304 aliquibus
1605 2236 1693 2304 major
1719 2241 1747 2290 et
1769 2236 1858 2289 minor
1878 2234 2030 2290 secundum

331 2323 394 2384 pter
420 2331 520 2369 causas
540 2317 709 2385 justissimas
735 2317 952 2372 extraordinarie
979 2319 1079 2388 agendi
1106 2318 1167 2372 Deo
1195 2317 1358 2371 varietatem
1378 2318 1587 2387 complexionis,
1616 2326 1645 2374 et
1667 2320 1820 2374 secundum
1845 2320 1898 2375 boc
1919 2319 2029 2376 termini

333 2401 444 2471 insuper
460 2401 558 2457 relicto
577 2401 755 2472 accipiendas
774 2419 834 2457 esse
847 2403 1000 2456 statuimus.
1037 2403 1167 2466 Quando·
1193 2402 1268 2455 ritae
1291 2408 1408 2470 possunt
1433 2403 1580 2475 anticipari
1602 2421 1652 2476 per
1673 2405 1777 2459 malum
1802 2407 1940 2476 regimen,
1971 2407 2030 2477 gla-

332 2505 386 2558 qas
404 2487 537 2559 Abigaiili
554 2487 676 2559 obtingit
694 2488 800 2552 Nabal,
820 2489 986 2560 quandoque
1005 2489 1098 2544 Josias
1118 2490 1167 2544 ali-
1193 2486 1285 2555 dium,
1305 2488 1349 2542 vel
1369 2489 1453 2543 aliam
1472 2490 1655 2546 occasionem·

333 2573 394 2644 quis
416 2574 531 2628 moritur
548 2573 577 2627 in
594 2574 682 2644 primo
700 2574 840 2629 vernantis
859 2575 928 2628 flore
943 2577 1085 2644 juventae.
1229 2579 1271 2628 82.
1314 2573 1491 2629 Ostendimus
1516 2576 1663 2642 hactenus,
1691 2595 1746 2647 qao
1769 2577 1850 2632 modo
1876 2577 1905 2631 in
1928 2594 2030 2648 genem

368 2664 409 2713 78.
439 2658 562 2713 Proinde
585 2659 697 2729 quando
721 2660 864 2730 quaeritur
886 2660 920 2714 de
937 2661 1010 2716 vitae
1031 2661 1168 2717 hnmanae
1192 2675 1236 2713 res
1254 2665 1361 2713 creatas
1375 2660 1469 2715 divine
1486 2662 1660 2731 providentia
1678 2668 1814 2718 stutentet
1831 2669 1859 2717 et
1875 2662 2027 2733 gubernet;

332 2743 456 2811 termino,
475 2744 701 2816 distinguendum
718 2744 806 2814 primo
824 2746 946 2800 omnium
963 2747 1036 2801 inter
1052 2754 1167 2803 mortem
1192 2743 1336 2799 videamus
1353 2747 1490 2817 quomodo
1502 2748 1660 2818 specialiter
1673 2748 1703 2802 in
1719 2748 1875 2803 actionibus
1886 2747 2028 2802 hominum

333 2830 495 2900 simpliciter
512 2837 540 2885 et
559 2831 686 2887 absolate
702 2833 904 2887 consideratam
928 2839 1012 2904 atque
1030 2834 1102 2890 inter
1120 2835 1166 2888 bo·
1193 2832 1289 2886 eadem
1322 2841 1476 2889 concurrat.
1524 2834 1567 2890 Sit
1599 2852 1665 2906 ergo
1699 2834 1871 2905 aphorismus
1899 2841 2027 2889 octavus:

333 2931 391 2970 ram
410 2921 439 2971 et
455 2934 544 2991 geum
562 2917 664 2972 mortis
699 2918 774 2974 Mors
793 2919 855 2988 ipsa
869 2925 932 2989 post
943 2920 1052 2990 lapsum
1064 2919 1167 2975 homiui
1193 2919 1285 2971 Aliter
1308 2916 1448 2973 concurrit
1467 2921 1563 2972 dioiaa
1581 2921 1763 2989 providentia
1782 2924 1824 2974 aa
1839 2922 1963 2975 wtsbacs
1975 2922 2027 2972 «bo-

330 3003 410 3071 juxta
434 3003 604 3058 ordinarium
628 3009 745 3059 naturae
768 3011 914 3075 corruptae
934 3011 1037 3059 statum
1056 3023 1089 3060 ac
1106 3023 1166 3060 cur-
1192 3005 1297 3057 ms'aam
1314 3006 1413 3073 bonas,
1435 3006 1520 3058 aliter
1540 3008 1582 3058 aa
1599 3006 1698 3063 malas.
1733 3005 1804 3061 (lum
1822 3024 1887 3062 vero
1905 3008 2028 3062 actiones

332 3106 392 3143 sum
411 3094 453 3144 est
468 3090 631 3146 necesaria.
667 3090 752 3146 Hebr.
772 3097 802 3157 9,
819 3108 847 3146 v.
867 3097 914 3145 27:
939 3089 1093 3160 ἀπόκειται,
1109 3101 1165 3146 eto·
1191 3089 1281 3146 bonae
1298 3091 1369 3145 aliae
1387 3091 1444 3146 sint
1460 3091 1578 3146 civiliter
1596 3092 1703 3163 bonae,
1726 3092 1797 3148 aliae
1815 3110 1881 3148 vero
1898 3093 2027 3165 spiritua·

324 3182 419 3228 tutum
435 3194 470 3229 ac
488 3177 633 3243 defletam
651 3185 691 3229 est
708 3177 863 3230 bominibus
880 3177 966 3229 semel
979 3178 1058 3231 mori.
1090 3176 1120 3233 si
1132 3178 1166 3233 de
1191 3176 1254 3231 liter
1271 3178 1369 3248 bonae,
1387 3178 1423 3233 de
1439 3178 1564 3250 ubisque
1584 3178 1713 3234 dutincte
1730 3179 1937 3251 satagendum.

331 3277 430 3331 gauere
447 3265 476 3316 et
493 3262 561 3315 bora
578 3261 674 3315 mortis
692 3269 855 3333 quaeratur,
874 3262 1028 3317 carendum
1047 3263 1112 3332 erit,
1130 3281 1166 3318 ne
1226 3269 1267 3319 83.
1305 3263 1339 3317 ln
1357 3263 1513 3319 actionibus
1536 3264 1655 3320 civiliter
1672 3265 1752 3320 bonis
1771 3265 1812 3320 ita
1829 3264 1970 3320 concurrit
1988 3264 2028 3318 di·

330 3347 374 3402 vel
397 3348 426 3401 in
450 3347 573 3418 Scyllam
598 3348 752 3418 Epicureae
782 3348 945 3404 minoritatis
970 3350 1014 3404 vel
1037 3350 1066 3404 in
1094 3350 1165 3405 (lba-
1190 3350 1257 3403 vina
1279 3350 1468 3422 providentia,
1494 3356 1605 3406 utnon
1628 3352 1717 3407 solum
1740 3358 1876 3408 sustentet
1899 3358 2028 3407 naturam

331 3433 432 3504 rybdin
452 3433 562 3489 Stoicae
580 3434 752 3489 necessitatis
772 3435 976 3507 immergamur.
1191 3441 1320 3506 agentem
1341 3454 1375 3491 ac
1397 3438 1468 3492 vires
1491 3438 1594 3509 Quadi
1612 3438 1756 3509 largiatur,
1776 3438 1927 3493 sedetiam
1944 3438 2029 3493 actio-

282 3505 289 3516 ⁹
365 3526 405 3576 ta.
430 3520 537 3575 Horam
554 3528 582 3575 et
597 3538 685 3591 genus
704 3521 798 3575 mortis
815 3521 967 3593 unicuique
984 3518 1083 3576 DEUS
1101 3538 1164 3575 con·
1190 3537 1240 3575 nes
1265 3538 1312 3576 eas
1334 3522 1500 3593 praecipiat,
1529 3523 1628 3593 probet
1651 3540 1685 3578 ac
1708 3526 1802 3594 juret3
1830 3523 1968 3579 interdum
1991 3523 2028 3577 ad

331 3605 435 3675 stituit,
471 3621 529 3660 nou
559 3611 651 3661 umen
682 3607 811 3662 absoluto
841 3615 869 3663 et
899 3623 997 3662 causas
1028 3607 1164 3662 secundas
1189 3607 1251 3661 illas
1269 3607 1392 3662 homines
1415 3608 1499 3663 etiam
1517 3627 1573 3664 non
1591 3615 1701 3664 renatos
1722 3608 1899 3679 peculiariter
1917 3608 2026 3678 excitet,

287 3694 291 3702 '
331 3708 424 3748 omnes
445 3693 609 3747 excludente
626 3692 745 3762 decreto,
763 3693 900 3762 siqnidem
921 3692 994 3748 idam
1010 3692 1096 3762 Deus,
1116 3694 1163 3764 qui
1191 3709 1295 3764 easque
1317 3700 1428 3764 praeter
1448 3694 1628 3750 intentionem
1646 3694 1771 3758 illorum,
1796 3694 1931 3765 aquibus
1948 3693 2027 3760 fiunt,

306 3773 309 3778 ’
332 3779 402 3834 ritae
432 3778 580 3833 terminum
612 3780 767 3861 constituit,
804 3779 877 3834 idem
907 3779 1165 3849 multiplicationem
1191 3778 1317 3834 adfines
1337 3780 1418 3835 utiles
1436 3779 1594 3836 aenimat-
1627 3778 1673 3835 Sic
1690 3796 1785 3851 regem
1797 3779 1901 3850 Cyrum
1913 3797 2028 3835 vocasse

333 3881 465 3919 annorum
489 3872 517 3920 et
538 3865 648 3920 beatam
671 3866 747 3920 vitae
769 3865 921 3920 clamulam
948 3865 1002 3936 piis
1020 3866 1165 3936 promittit,
1191 3863 1293 3918 dicimr
1320 3865 1397 3919 Deus
1430 3867 1542 3935 ejsuque
1567 3867 1695 3919 dectrom
1718 3867 1938 3936 apprehendiseo
1962 3866 2029 3925 Eae.

333 3950 402 4005 idem
430 3950 540 4020 piorum
568 3967 664 4022 preces
694 3968 744 4021 pro
773 3951 891 4005 sanitate
919 3956 947 4005 et
969 3950 1164 4021 μακροβιότητι
1191 3957 1233 4017 45,
1252 3968 1278 4003 r.
1301 3962 1322 4008 1.
1339 3958 1368 4006 et
1385 3957 1408 4007 3.
1436 3974 1438 3977 ’
1670 3944 1673 3953 '

332 4037 524 4107 consequenda
548 4036 651 4091 effusas
675 4036 785 4106 saepius
801 4035 956 4102 exaudivit,
983 4036 1057 4091 idem
1074 4038 1166 4093 media
1227 4041 1269 4092 el.
1305 4037 1437 4096 Actiones
1462 4037 1643 4108 spiritualiter
1664 4037 1751 4093 bonas
1774 4038 1814 4093 lta
1837 4038 1971 4110 praecipit
1995 4055 2027 4093 ac

333 4122 536 4193 recuperandae
554 4122 681 4177 unitatis
699 4122 839 4177 naturalia
855 4121 987 4190 condidit,
1002 4122 1164 4195 iistlemqne,
1191 4123 1291 4194 probat
1308 4123 1398 4193 Deus,
1422 4129 1454 4178 ut
1476 4140 1526 4195 per
1544 4124 1676 4194 Spiritum
1696 4129 1824 4178 sanctum
1847 4140 1894 4179 aas
1911 4124 1971 4195 ipse
1988 4124 2027 4178 ef-

334 4213 355 4260 si
373 4214 484 4277 praesto
502 4208 573 4277 sint,
597 4209 637 4263 uti
656 4207 811 4280 praecepit,
830 4207 904 4263 idem
920 4208 1013 4280 impiis
1029 4210 1106 4278 justo
1120 4212 1164 4280 jd·
1190 4209 1268 4263 ficiat
1290 4226 1324 4264 ac
1348 4216 1490 4281 operetur,
1514 4228 1576 4264 cam
1594 4211 1670 4265 attae
1694 4228 1727 4263 cc
1748 4210 1977 4278 cotumaciam
1995 4227 2028 4262 sc

335 4292 403 4349 dicio
421 4311 555 4348 annorum
573 4294 782 4349 diminutionem
802 4299 844 4348 est
862 4293 990 4348 minatus.
1191 4295 1271 4346 nobee
1303 4313 1358 4348 aaa
1385 4295 1471 4349 sitnm
1499 4295 1596 4349 idonci
1624 4295 1738 4364 aliquid
1766 4296 1864 4349 boram
1893 4296 2025 4364 capitose,

365 4384 405 4434 80.
431 4379 494 4434 Hac
512 4380 547 4434 de
563 4397 595 4436 re
613 4380 654 4434 ita
674 4378 786 4433 disserit
802 4378 922 4449 August
942 4386 966 4434 5.
985 4378 1020 4433 de
1040 4377 1110 4435 Gen.
1128 4379 1166 4434 ad
1191 4382 1293 4433 acriam
1309 4382 1414 4447 facero
1439 4387 1463 4435 2.
1487 4379 1550 4434 Cor.
1575 4385 1608 4448 3,
1635 4398 1661 4434 r.
1687 4387 1710 4434 5.
1756 4380 1908 4450 Postquam
1934 4387 2026 4435 autem

334 4462 369 4518 lit
389 4481 414 4522 c.
434 4470 481 4519 ll:
502 4467 599 4519 Multa
617 4467 767 4520 sccaadam
785 4466 937 4532 inferiores
954 4482 1055 4518 causas
1066 4466 1166 4528 futura
1193 4466 1298 4537 Spiritu
1321 4473 1417 4521 sancto
1443 4466 1533 4521 renati
1556 4464 1655 4534 simus,
1679 4464 1719 4519 ita
1742 4464 1864 4537 agimur,
1888 4469 1921 4519 ut
1943 4466 2025 4521 etiam

334 4559 405 4616 aaut,
431 4552 484 4604 aed
506 4551 533 4604 ss'
555 4552 596 4604 ita
614 4560 690 4616 atat,
719 4558 745 4604 et
768 4552 799 4603 ia
818 4551 1011 4619 praoecientia
1027 4552 1089 4604 Dei
1103 4568 1166 4605 oerc
1191 4569 1321 4624 agarum,
1349 4552 1442 4616 idest
1462 4552 1590 4606 voluntas
1607 4550 1726 4607 bominis
1745 4567 1796 4621 per
1811 4552 1885 4607 vires
1902 4569 1957 4608 non
1976 4569 2025 4607 na·

334 4638 429 4699 littura
447 4644 528 4690 aaut:
557 4639 583 4690 si
598 4646 694 4704 praem
705 4632 747 4690 ibi
758 4636 845 4689 alitor
859 4643 931 4704 suat,
948 4636 990 4688 sta
1006 4637 1101 4705 petiae
1111 4639 1165 4704 sa-
1191 4644 1283 4702 turae,
1309 4637 1359 4692 aad
1377 4635 1496 4708 Spiritus
1514 4655 1536 4695 s.
1555 4637 1647 4709 gratia
1664 4636 1716 4692 sibi
1733 4653 1879 4693 concauus
1898 4643 2028 4710 συνεργεῖ

334 4729 394 4776 turo
413 4731 486 4792 aaut,
503 4724 574 4776 sicut
592 4724 633 4776 iot
650 4730 720 4791 eant,
740 4723 788 4775 ubi
804 4722 854 4791 qai
866 4723 1002 4790 procrea,
1013 4722 1092 4789 falli
1109 4742 1165 4777 ooo
1192 4730 1220 4779 et
1251 4730 1295 4779 est
1325 4724 1538 4780 instrumentum
1568 4723 1690 4777 activum
1719 4722 1777 4779 sire
1806 4723 2023 4794 cooperativum,

331 4817 425 4875 potest.
456 4810 533 4862 Nom
546 4811 653 4876 futuro
671 4809 779 4862 dicitur
795 4815 919 4860 eeoecm
936 4808 966 4859 ia
979 4808 1098 4876 jaccae,
1114 4811 1166 4862 sed
1191 4809 1304 4881 quade
1328 4826 1358 4863 re
1382 4810 1463 4879 plura
1487 4809 1517 4864 in
1541 4810 1603 4865 loco
1631 4809 1666 4864 de
1691 4808 1795 4863 viribus
1819 4808 1897 4866 liberi
1917 4808 2024 4864 arbitrii

334 4901 422 4947 waes
436 4896 538 4959 futura
555 4913 613 4949 aaa
630 4902 677 4960 est,
695 4894 723 4947 ei
738 4902 801 4947 aute
817 4893 970 4946 moritum
986 4901 1034 4960 eet,
1051 4894 1103 4947 boc
1114 4913 1164 4947 aa·
1190 4895 1322 4950 dicemus.

334 4986 384 5033 tem
403 4981 472 5048 orit,
490 4981 562 5034 sicut
578 4996 608 5033 ee
624 4980 724 5033 batert
740 4979 818 5033 alico
835 4995 936 5032 caueae
949 4979 1048 5033 aceio
1060 4982 1164 5035 mando
1194 4990 1201 5000 ²
1227 4986 1268 5037 85.
1303 4980 1392 5035 Malas
1414 4996 1480 5035 vero
1503 4979 1626 5034 actiones
1643 4979 1721 5034 Deus
1743 4995 1795 5033 nec
1814 4977 1951 5049 praecipit
1972 4994 2024 5033 nec

335 5075 472 5120 contectae
490 5067 547 5119 oreo
566 5067 596 5119 ia
611 5066 672 5118 Dei
682 5066 873 5135 praescientia
891 5072 1059 5119 reseratae.
1087 5068 1164 5120 Nam
1190 5068 1250 5121 vult
1270 5085 1321 5122 nec
1340 5067 1455 5137 adjurat
1472 5082 1525 5121 nec
1542 5065 1579 5120 ad
1597 5082 1644 5121 ees
1661 5064 1785 5135 impellit.
1815 5063 1959 5128 Quomodo
1976 5082 2023 5120 aa·

334 5153 481 5205 coroadam
492 5153 630 5220 wordum
642 5152 810 5217 futurorum
822 5168 925 5204 caesos
938 5151 1091 5204 morituras
1104 5161 1166 5205 erat
1189 5159 1247 5208 tem
1266 5153 1295 5207 in
1314 5152 1369 5206 illis
1387 5159 1534 5208 concurrat
1551 5152 1644 5207 divina
1662 5151 1845 5222 providentia,
1863 5150 1902 5204 ita
1919 5158 2023 5207 utnon

335 5239 475 5306 Ezechias,
487 5240 534 5291 cai
543 5243 619 5290 Dotis
631 5238 747 5291 addidit
756 5236 914 5305 qaindecim
923 5254 1013 5290 aanor
1022 5239 1063 5290 od
1070 5239 1165 5303 vitum,
1190 5238 1376 5294 constituatur
1397 5238 1475 5293 Deus
1495 5255 1590 5293 earum
1607 5237 1711 5292 otiosus
1728 5243 1876 5308 spectator,
1893 5236 2024 5291 distincte

332 5325 364 5378 id
380 5325 476 5394 uticae
494 5325 619 5391 facisse,
644 5324 721 5392 qaod
742 5330 806 5376 arte
824 5323 926 5375 maadi
942 5324 1164 5378 constitutionem
1189 5323 1384 5396 explicandam
1401 5323 1461 5380 erit

333 5426 359 5462 se
376 5413 528 5478 factarum
552 5425 611 5462 esre
638 5408 816 5477 praeeeiedat
847 5415 873 5460 et
896 5407 927 5460 ia
949 5425 1004 5461 essa
1023 5409 1164 5463 voluntate
1475 5434 1480 5442 ·

332 5497 464 5549 amada.
491 5497 558 5548 Noa
571 5510 637 5562 erpo
648 5495 682 5546 id
690 5492 769 5562 feeit,
787 5495 865 5562 quod
882 5494 1009 5557 Murum
1022 5513 1077 5548 aaa
1094 5504 1164 5565 erat,

332 5581 380 5635 loc
407 5582 493 5634 etiam
514 5581 606 5648 mapie
629 5587 691 5633 erat
711 5580 855 5647 sauram,
878 5581 955 5648 quaed
970 5596 1000 5632 ec
1013 5581 1165 5646 factarum

332 5684 388 5721 esec
412 5666 606 5736 proaciabat5
631 5683 683 5719 aec
706 5673 799 5718 tamea
821 5664 870 5718 illi
891 5666 962 5719 cani
979 5666 1076 5719 additi
1091 5674 1165 5719 recto

332 5755 504 5823 donemur,
529 5753 588 5807 atei
609 5753 681 5823 presa
701 5752 872 5820 adderetrsr,
897 5753 974 5820 quood
995 5766 1055 5804 sese
1081 5751 1165 5809 alaier
