5017 6675
446 684 502 741 164
1157 672 1280 731 Locos
1299 672 1426 732 NONUS

442 836 613 900 corruptam,
640 830 715 884 illam
733 836 847 884 naturae
868 829 1084 900 corruptionem,
1108 845 1180 900 quac
1199 845 1271 883 com·
1295 844 1348 896 per
1373 828 1552 897 baptismum,
1576 845 1637 882 cum
1655 844 1750 895 praua
1773 826 1826 880 illa
1849 825 2073 893 concupiscentia
2097 827 2129 881 in

442 917 572 986 plectitur
595 916 714 970 omnium
736 915 843 970 animae
861 915 960 969 vinum
979 915 1135 969 admuum
1151 913 1270 986 pronita-
1298 915 1446 984 baptizatis
1463 921 1581 969 maneat.
1616 912 1839 984 Respondemus:
1863 912 1983 983 August.
2012 918 2036 968 6.
2054 919 2130 968 cont.

442 1009 498 1056 tem
516 1019 550 1057 ac
568 1003 709 1072 impetum,
727 1018 857 1057 vocamus
867 1001 1013 1071 positivam
1033 1001 1203 1072 qualitatem,
1217 1017 1271 1054 non
1297 999 1354 1054 lul.
1374 1017 1397 1055 c.
1419 1006 1449 1055 6:
1466 1009 1615 1069 peccatum
1631 999 1789 1066 remittitur,
1809 1016 1865 1052 non
1884 1005 1915 1051 ut
1934 1016 1990 1051 uon
2007 999 2060 1067 sit,
2080 1000 2133 1052 ssd

442 1089 521 1160 quasi
541 1089 635 1160 aliqua
647 1088 689 1142 vis
706 1087 809 1160 agendi
827 1088 897 1143 inse
915 1095 944 1142 et
960 1105 1010 1158 per
1027 1105 1057 1143 se
1072 1088 1109 1142 sit
1118 1093 1271 1158 peccatum,
1298 1095 1328 1140 ut
1346 1105 1403 1140 non
1420 1088 1575 1156 imputetur.
1593 1084 1664 1140 libro
1682 1092 1702 1142 l.
1720 1085 1755 1139 de
1767 1090 1845 1156 nupt.
1860 1090 1889 1138 et
1903 1101 2019 1155 concup.
2038 1102 2063 1142 c.
2082 1090 2130 1140 25:

442 1176 492 1229 sed
515 1175 581 1246 quia
605 1175 652 1229 illa
670 1175 712 1228 vis
735 1174 837 1245 agendi
861 1173 889 1227 in
914 1163 1024 1229 homine
1046 1181 1088 1229 est
1109 1182 1217 1228 tantum
1235 1174 1271 1228 ad
1299 1169 1449 1228 dimittitur
1466 1173 1689 1242 concupiscentia
1707 1172 1802 1226 carnis
1819 1172 1849 1225 in
1868 1173 2016 1241 baptismo,
2035 1180 2133 1225 nonut

442 1267 585 1332 peccatum
609 1277 697 1330 prona
718 1265 802 1331 atque
825 1254 949 1330 promta3
977 1260 1086 1314 interim
1108 1278 1163 1315 non
1180 1258 1271 1329 prohi-
1298 1279 1353 1313 non
1371 1261 1419 1325 sit,
1447 1261 1548 1314 redut
1567 1250 1759 1329 inpeccatum
1783 1277 1839 1313 non
1864 1260 2021 1328 imputetur.
2056 1258 2131 1313 Ibid

442 1348 546 1415 bemus,
566 1348 633 1417 quin
651 1346 722 1400 inter
740 1346 829 1415 ipsam
846 1345 947 1417 agendi
965 1347 1021 1398 rim
1039 1351 1068 1400 et
1085 1346 1156 1401 inter
1173 1345 1271 1399 vitium
1299 1345 1373 1412 dicit,
1391 1363 1504 1400 manere
1515 1347 1598 1400 ctiam
1605 1354 1672 1416 post
1686 1346 1850 1415 baptismum
1865 1345 1946 1398 illum
1957 1345 2132 1412 lanquorem,

441 1433 521 1487 istius
544 1431 684 1502 potentiae
709 1431 849 1486 subtiliter
874 1432 1074 1503 distinguatur,
1104 1433 1175 1486 sicut
1200 1432 1272 1485 inter
1298 1431 1378 1484 illam
1398 1433 1568 1502 affectionem
1581 1432 1673 1485 mdlae
1693 1431 1845 1500 quddatia
1865 1430 1910 1484 cui
1926 1448 1981 1485 non
1993 1430 2130 1486 satisfacit

441 1517 528 1586 ipsam
547 1519 682 1573 actionem
701 1518 837 1572 etvitium
855 1517 972 1573 achonis
989 1518 1176 1589 distinguitur.
1206 1518 1270 1574 Jam
1297 1516 1456 1571 Bellarmini
1474 1516 1608 1588 exceptio,
1635 1519 1711 1587 quod
1728 1519 1836 1571 nomine
1860 1518 1954 1571 malae
1972 1518 2129 1587 qualitatis,

441 1605 463 1658 si
485 1611 634 1676 quaeratur
659 1604 694 1658 de
713 1621 798 1658 eausa
823 1604 901 1658 istius
928 1604 1127 1675 corruptionis,
1151 1606 1271 1661 breviter
1299 1603 1444 1673 lanquoris
1469 1622 1503 1658 ac
1526 1605 1649 1658 morbidi
1667 1605 1782 1673 affectus
1800 1603 1975 1672 intelliqatur
1992 1605 2056 1672 ipsa
2077 1623 2127 1658 na-

442 1691 638 1761 respondemus
663 1705 695 1744 ex
720 1690 854 1760 parabola
876 1689 977 1745 Christi
1002 1691 1072 1749 Luc.
1099 1698 1137 1747 10.
1181 1690 1272 1747 Causa
1298 1689 1400 1742 taralis
1415 1690 1563 1744 inclinatio
1584 1690 1777 1743 sensualitatis
1790 1691 1907 1760 justitia
1924 1690 2064 1759 oripinali
2081 1693 2131 1745 de·

441 1777 624 1848 corruptionis
661 1782 703 1831 est
739 1776 865 1831 diabolus
897 1778 1045 1832 vulnerans
1082 1785 1111 1833 et
1144 1777 1271 1832 voluntas
1297 1776 1409 1840 stituta,
1428 1795 1483 1830 non
1500 1785 1592 1831 autem
1610 1778 1709 1847 aliqua
1721 1777 1844 1847 positiva
1864 1777 1926 1830 tabe
1942 1777 2057 1841 uitiata,
2075 1777 2131 1833 imo

440 1864 522 1933 primi
557 1863 673 1918 hominis
702 1880 829 1934 peccans.
874 1863 1024 1919 Peccatum
1053 1863 1160 1919 actuale
1191 1864 1271 1934 primi
1299 1878 1363 1915 vero
1381 1879 1430 1931 per
1453 1863 1561 1933 lapsum
1580 1880 1635 1919 non
1658 1868 1766 1917 tantum
1789 1862 1931 1934 originalis
1950 1863 2062 1932 justitia
2087 1868 2131 1916 est

440 1950 558 2004 hominis
593 1950 745 2005 diabolicae
781 1950 936 2005 seductioni
971 1950 1148 2022 obsequentis
1184 1957 1270 2006 totam
1298 1947 1413 2011 amissa,
1431 1949 1481 2003 sed
1498 1949 1580 2004 etiam
1597 1950 1661 2022 ipsa
1676 1948 1793 2004 hominis
1811 1956 1911 2004 natura
1928 1954 1973 2013 est
1987 1956 2127 2021 corrupta,

441 2042 568 2090 naturam
580 2035 736 2104 humanam,
756 2052 828 2107 quae
847 2036 953 2106 inipso
972 2045 1031 2091 erat
1048 2043 1077 2092 et
1092 2043 1170 2092 extra
1180 2036 1271 2106 ipsum
1299 2042 1329 2089 ut
1346 2051 1396 2088 suo
1414 2034 1474 2089 loco
1492 2052 1526 2090 ex
1547 2035 1695 2106 scripturis
1714 2035 1890 2092 ostendimus.

442 2125 477 2178 de
500 2123 549 2177 illa
572 2122 642 2176 nihil
669 2127 743 2187 erat,
772 2123 907 2193 eorrupit,
940 2122 1073 2178 tabefecit
1104 2130 1132 2178 et
1155 2130 1270 2194 peccato
1333 2127 1373 2178 89.
1391 2121 1524 2192 Exposita
1541 2128 1569 2176 et
1586 2121 2130 2191 refutataeorum‚,catholicornm“scn·
2146 2129 2166 2168 At

444 2210 524 2280 quasi
542 2208 730 2264 fermentavit:
754 2208 829 2270 Quid
846 2209 957 2278 quaerit
969 2209 1163 2263 Bellarminus
1184 2210 1271 2263 laten·
1297 2207 1399 2272 tentia,
1423 2208 1472 2279 qui
1494 2214 1640 2278 peccatum
1664 2208 1777 2280 originis
1795 2226 1855 2264 esse
1872 2209 2019 2280 positivam
2037 2209 2126 2281 quali·
2144 2190 2166 2272 ii

443 2304 541 2349 tentem
560 2297 643 2365 hujus
666 2295 853 2364 comptionis
873 2295 1049 2349 introductae
1070 2297 1186 2364 rimam,
1210 2313 1271 2348 cum
1298 2299 1383 2349 tatem
1401 2300 1535 2364 statuunt,
1567 2295 1750 2350 Bellarminus
1767 2295 1838 2350 libro
1858 2303 1882 2351 5.
1902 2297 1937 2351 de
1951 2297 2042 2351 ambs.
2058 2284 2166 2376 gratss

442 2383 543 2436 tabeat
557 2383 765 2451 apertissimam
777 2382 920 2450 januam?
938 2380 1039 2453 quibus
1052 2382 1143 2437 verbis
1156 2381 1271 2453 Pelagio
1298 2387 1326 2434 et
1349 2388 1411 2436 stat
1435 2398 1510 2451 pecc.
1535 2398 1557 2436 c.
1583 2388 1622 2437 16.
1647 2382 1790 2452 improbat
1807 2382 1890 2437 etiam
1910 2382 2005 2454 Piggii
2022 2399 2056 2436 ac
2077 2381 2130 2437 (la-

408 2504 411 2510 -
440 2468 470 2522 id
493 2470 584 2540 ipsum
612 2468 755 2540 quaerenti
777 2468 925 2538 respondet
954 2468 1073 2538 August
1100 2467 1162 2523 libr.
1182 2474 1207 2524 2.
1235 2468 1270 2523 de
1298 2466 1399 2521 thurini
1421 2467 1599 2536 sententiam,
1623 2468 1671 2540 qni
1695 2468 1888 2538 disputabant,
1911 2475 2059 2540 peecatum
2076 2469 2129 2523 ori·

441 2561 519 2625 nupt
543 2562 571 2610 et
594 2571 709 2624 concup.
733 2570 757 2607 a.
782 2559 824 2610 28.
858 2554 945 2608 Plura
970 2555 1005 2609 de
1030 2555 1084 2610 hoe
1108 2560 1271 2626 argumento
1298 2553 1390 2624 ginale
1406 2553 1476 2608 nihil
1493 2554 1569 2609 aliud
1593 2572 1666 2625 esse,
1692 2571 1776 2627 quam
1792 2555 1917 2626 primam<
1932 2556 2007 2610 illem
2025 2554 2129 2610 Adami

440 2642 505 2698 ride
532 2641 562 2696 in
589 2640 773 2711 praecedente
796 2640 858 2695 loco
882 2641 917 2694 de
941 2640 1061 2712 imagine
1084 2641 1146 2696 Dei.
1186 2644 1212 2694 2.
1239 2640 1273 2694 Si
1297 2639 1524 2710 inobedientiam,
1560 2657 1632 2712 quae
1656 2641 1685 2695 in
1710 2642 1771 2711 ipso
1788 2640 1871 2697 fuerit
1887 2659 1917 2697 re
1936 2642 2009 2713 ipsa,
2033 2642 2063 2696 in
2079 2659 2129 2712 po

441 2728 680 2796 concupiscentiae
699 2727 796 2779 uitium
819 2735 889 2780 esset
908 2728 1032 2796 qualitas
1051 2728 1190 2797 positiva,
1215 2744 1271 2781 non
1297 2725 1376 2779 steria
1393 2732 1502 2781 tantum
1517 2744 1567 2797 per
1587 2726 1811 2796 imputationem,
1837 2727 1877 2781 ita
1902 2732 1935 2781 ut
1959 2727 2028 2782 nihil
2045 2728 2084 2782 sit
2100 2728 2129 2782 in

435 2823 532 2883 posset
561 2813 682 2879 ostendi,
713 2814 944 2881 qssemadmodum
972 2815 1202 2867 transmitteretur
1230 2816 1272 2867 ad
1296 2811 1418 2880 parvulis
1435 2830 1465 2867 re
1483 2813 1545 2882 ipsa
1560 2813 1717 2880 inhaerens,
1742 2813 1937 2885 quod-veram
1956 2814 2066 2884 peccati
2084 2831 2125 2868 ra·

435 2909 578 2970 posteras,
604 2901 672 2969 quia
689 2898 800 2952 tatum
819 2900 953 2968 acquisiti
969 2917 1023 2953 non
1042 2901 1223 2970 trajiciuntur
1240 2901 1270 2953 in
1296 2896 1397 2951 tionem
1415 2897 1526 2954 habeat
1561 2900 1648 2965 Quem
1667 2899 1847 2971 Pelagianum
1870 2917 1989 2955 errorem
2016 2900 2125 2956 mollius

435 2987 554 3055 prolem.
599 2984 837 3054 Respondemusz·
853 3001 915 3038 cum
940 2984 1002 3055 ipsa
1028 2991 1127 3041 natura
1151 2986 1271 3040 humana
1295 2988 1397 3039 tractat
1413 2984 1604 3050 Bellarminus,
1623 3002 1705 3057 quam
1724 3003 1775 3055 par
1792 2992 1857 3042 erat.
1892 2986 2020 3041 Tandem
2039 3003 2064 3040 c.
2088 2993 2125 3042 rt.

440 3071 523 3126 etiam
543 3071 640 3125 vitium
663 3075 692 3124 et
718 3070 857 3140 corruptio
884 3077 1000 3126 naturae
1021 3089 1039 3128 a
1061 3073 1223 3143 parentibus
1241 3071 1271 3125 in
1296 3077 1324 3124 et
1339 3070 1428 3125 tribus
1445 3071 1624 3143 sequentibus
1641 3088 1719 3126 suam
1742 3072 1777 3128 de
1797 3077 1898 3126 natura
1914 3072 2026 3143 peccati
2045 3072 2126 3144 origi·

439 3166 563 3228 posteros
572 3156 897 3228 propagatur30alculosi
907 3164 1041 3229 generant
1050 3159 1210 3228 calculosos,
1221 3177 1270 3214 cur
1296 3156 1366 3211 nalis
1384 3157 1548 3213 sententiam
1575 3157 1705 3229 proponit
1729 3165 1758 3213 et
1784 3159 1916 3229 explicat,
1939 3158 1989 3214 ubi
2013 3159 2126 3230 quidem

438 3259 495 3297 non
517 3250 545 3298 et
568 3248 698 3314 peccator
717 3243 808 3296 Adam
828 3242 956 3314 gigneret
973 3243 1060 3298 filium
1077 3245 1269 3315 peccatorem?
1296 3241 1383 3296 videri
1405 3243 1464 3298 vult
1483 3245 1650 3312 accuratius,
1673 3262 1757 3316 quam
1774 3244 1873 3316 reliqui
1890 3245 2055 3302 Scholastici
2073 3246 2125 3300 hcc

438 3335 465 3384 3.
478 3333 560 3384 Deus
577 3339 617 3385 est
634 3337 734 3384 auctor
752 3331 873 3384 omnium
890 3347 984 3383 rerum
995 3332 1190 3400 positirarum.
1217 3332 1270 3389 Re·
1296 3329 1398 3387 malim
1408 3334 1528 3387 uacare
1540 3337 1568 3386 et
1586 3330 1707 3398 definire,
1726 3331 1834 3387 interim
1848 3339 1942 3388 tamen
1956 3331 1984 3386 in
2004 3332 2125 3404 ἐλλείψει

439 3417 617 3488 spondemus:
633 3424 768 3488 quatenus
781 3422 846 3472 sunt
860 3433 904 3471 res
916 3417 1050 3487 positivae
1062 3425 1090 3474 et
1101 3417 1204 3485 bonae,
1215 3438 1270 3476 non
1296 3416 1387 3471 adhue
1413 3424 1512 3488 peccat
1536 3418 1566 3472 in
1592 3418 1669 3472 nuda
1693 3424 1801 3474 tantum
1823 3419 1977 3490 privatione
1995 3421 2124 3490 justitiae

438 3509 531 3560 autem
551 3511 686 3576 quatenus
703 3503 823 3575 positiva
840 3502 977 3575 quaedam
997 3504 1116 3574 qualitas
1134 3514 1176 3561 est
1189 3507 1269 3563 mala.
1296 3501 1436 3573 originalis
1466 3510 1493 3558 et
1521 3510 1600 3559 reatu
1628 3504 1822 3577 qualicumque
1851 3505 1922 3560 illud
1945 3506 2124 3564 comtituens.

439 3598 463 3646 t.
475 3593 510 3646 Si
524 3592 568 3646 uel
586 3592 704 3645 maxime
720 3593 750 3645 in
763 3608 847 3644 carne
858 3591 985 3644 luerem
997 3591 1122 3661 qualitas
1134 3595 1269 3662 morbida,
1296 3587 1459 3644 Videbimus
1484 3590 1552 3661 quid
1575 3597 1713 3661 praestet:
1744 3592 1859 3645 Pcccati
1884 3609 1982 3647 nomes
2012 3592 2124 3662 (inquit)

441 3686 532 3733 tamen
556 3697 610 3732 non
633 3678 755 3746 intelliqi
774 3685 884 3748 posset,
914 3680 1051 3746 quamdo
1076 3697 1144 3733 caro
1164 3681 1269 3750 insecta
1296 3676 1434 3744 atct'tn'lur
1461 3676 1614 3744 bifattssmt
1643 3695 1699 3730 ww
1725 3679 1809 3731 modo
1832 3695 1890 3747 Pro
1916 3678 2009 3732 libera
2034 3686 2125 3732 ham·

442 3766 566 3833 inficeret
594 3765 743 3833 hominem,
765 3782 826 3817 cum
850 3780 951 3832 corpus
973 3782 1029 3818 non
1052 3774 1119 3833 apat
1141 3766 1172 3819 in
1188 3767 1271 3837 spiri-
1295 3762 1434 3840 pressione
1448 3764 1608 3832 praecepti,
1627 3763 1787 3818 aliomods
1802 3781 1859 3832 pro
1877 3781 1922 3833 eo,
1942 3766 2021 3834 quad
2036 3782 2126 3820 reina-

440 3853 518 3904 tam!
550 3850 773 3919 Respondemus:
792 3855 890 3904 contra
906 3865 970 3917 nos,
987 3850 1035 3920 qui
1053 3851 1162 3906 animae
1180 3869 1270 3908 corru-
1295 3856 1340 3901 ποθ
1359 3849 1390 3900 iu
1408 3849 1505 3903 anima
1519 3849 1680 3917 peccatoris
1692 3857 1759 3919 post
1777 3850 1913 3904 aduncus
1933 3851 2016 3905 illam
2034 3859 2126 3905 trans·

436 3940 503 4006 ptae
523 3951 556 3989 ex
568 3935 661 3990 anima
672 3942 801 4007 corrupta
813 3935 1040 4006 propagationem
1055 3955 1270 4010 propugnamus,
1293 3935 1458 4004 cranone,
1486 3938 1718 4003 quemadmodum
1735 3936 1814 3990 calor
1830 3954 1886 4006 per
1910 3937 2126 4006 calefactionem

328 4028 364 4071 tv.
377 4026 424 4071 :⁸2
438 4027 630 4093 argumentum
648 4021 701 4076 boe
717 4038 773 4076 non
790 4026 913 4093 pugnat,
937 4037 1027 4092 neque
1048 4023 1121 4077 enim
1138 4023 1270 4081 Lombar-
1295 4022 1459 4090 “equititum
1477 4024 1553 4091 q¹⁴0d
1571 4039 1629 4077 ⁶⁸⁸0
1646 4040 1709 4077 vm
1726 4032 1752 4077 ⁶⁶
1764 4024 1824 4077 (Μ
1835 4023 1955 4094 ΡΐθΡΐῑθ
1968 4034 2131 4095 limatum,

437 4108 512 4177 dum,
530 4107 698 4163 Driedonem
717 4113 746 4163 et
762 4105 883 4178 reliquos
901 4106 985 4177 hujus
1005 4109 1157 4165 sententiae
1176 4120 1269 4182 patro-
1290 4116 1369 4176 patet
1387 4126 1420 4162 ea
1436 4125 1479 4177 co,
1496 4110 1574 4178 quod
1586 4109 1637 4179 qai
1650 4118 1794 4180 peccatum
1806 4111 2010 4178 commuermst,
2029 4112 2131 4164 dican·

435 4211 486 4249 nos
516 4194 546 4248 in
574 4210 606 4249 eo
640 4193 794 4265 sequimur,
825 4192 901 4263 quod
930 4194 1051 4248 animam
1077 4212 1111 4250 ex
1140 4204 1269 4252 contactu
1294 4202 1340 4247 tur
1353 4196 1474 4263 proprie
1495 4202 1521 4249 ti
1538 4195 1700 4259 formauit?
1713 4205 1885 4265 peccatore-⁹·
1919 4196 1954 4251 Id
1971 4210 2073 4267 postea
2090 4196 2148 4252 Ml

436 4281 526 4335 carnis
552 4280 639 4351 pollui
669 4286 795 4334 statuunt
819 4284 848 4334 et
870 4295 984 4350 pravam
1007 4280 1115 4336 animae
1139 4284 1268 4353 eoncupi-
1293 4287 1437 4350 peccatum
1465 4280 1600 4352 originale
1625 4281 1665 4336 sic
1691 4282 1893 4351 accommodat:
1923 4284 2075 4338 Peccatum
2100 4282 2166 4339 ri

385 4409 391 4415 .
438 4366 570 4423 mentium
582 4384 600 4420 a
611 4366 739 4421 morbida
757 4366 878 4437 corporis
897 4366 1031 4437 qualitate
1049 4366 1113 4433 priri
1131 4368 1266 4424 dictitant.
1293 4367 1450 4436 accipiatur
1463 4368 1558 4436 primo
1575 4371 1658 4423 moda
1675 4370 1780 4422 nonin
1799 4370 1891 4438 nolu,
1909 4370 1961 4422 sed
1982 4371 2012 4423 in
2026 4370 2166 4439 prima

438 4460 463 4509 t.
481 4453 562 4506 Fieri
577 4471 634 4507 non
652 4461 760 4522 posset,
785 4453 852 4522 quin
874 4445 932 4505 tam
957 4452 1041 4521 longa
1058 4461 1182 4523 tempore
1199 4474 1265 4525 qus-
1292 4460 1397 4507 tantum
1415 4453 1535 4521 oriqine,
1561 4454 1586 4510 lt.
1606 4471 1628 4508 e.
1646 4455 1677 4508 in
1692 4454 1783 4524 primo
1794 4462 1913 4524 parasse
1930 4459 2166 4525 quaerendum

436 4541 505 4593 litas
516 4539 570 4593 illa
582 4540 808 4593 esset'imminuta
820 4538 864 4591 uel
876 4537 1016 4594 exstincta.
1045 4538 1265 4611 Respondemus:
1290 4547 1339 4605 est,
1357 4541 1571 4609 necquicquam
1591 4541 1673 4594 aliud
1690 4549 1742 4611 est,
1760 4558 1842 4610 quam
1859 4541 2050 4596 inobedientia
2068 4544 2166 4598 iil<

435 4630 581 4695 peccatum
608 4624 694 4679 instar
716 4622 844 4679 fermenti
870 4629 957 4679 totam
984 4629 1111 4680 naturam
1136 4629 1265 4700 pamasit,
1290 4625 1463 4695 uoluntaria,
1484 4643 1541 4696 per
1564 4644 1649 4697 quam
1664 4644 1694 4681 se
1719 4636 1745 4681 et
1765 4635 1893 4696 posteros
1918 4646 1986 4683 arsos
2002 4630 2166 4699 justit<

434 4712 510 4767 unde
527 4709 876 4780 Hebr.12,v.1.rocatur
893 4709 909 4778 ἡ
928 4710 1264 4788 ipspstusinsptarnroc,
1290 4712 1427 4780 originali
1442 4713 1588 4783 spoliarit,
1615 4731 1678 4768 reos
1696 4715 1794 4769 martis
1811 4716 1903 4784 effecit
1926 4724 1952 4769 et
1969 4724 2068 4786 turpes
2084 4735 2166 4771 :ns

433 4799 512 4853 Rom.
531 4804 556 4881 it
575 4815 601 4851 r.
622 4802 663 4851 21.
682 4797 769 4850 κακὸν
784 4802 1004 4869 παρακείμενον,
1031 4799 1106 4870 quod
1130 4817 1185 4855 non
1210 4798 1263 4855 nisi
1289 4798 1377 4851 DEO
1392 4799 1496 4853 inuisos
1512 4801 1649 4867 reddidit,
1669 4801 1720 4855 loc
1735 4809 1882 4869 peecatum
1898 4804 2166 4857 communicat-sus

435 4883 514 4939 totali
537 4881 659 4953 corporis
682 4881 857 4952 corruptione
881 4882 994 4937 tandem
1016 4883 1149 4941 aboletn.
1185 4890 1208 4941 ts
1230 4887 1263 4940 Ut
1289 4886 1367 4938 nobis
1380 4904 1435 4955 per
1454 4887 1672 4956 imputationem.
1690 4886 1753 4941 libr.
1773 4892 1795 4943 t.
1816 4886 1851 4942 de
1868 4893 1933 4942 stat
1948 4903 2028 4959 pecc.
2043 4907 2065 4945 a
2081 4895 2166 4945 16.

435 4989 502 5025 caro
529 4970 709 5040 concupiscat
734 4961 867 5023 aduernts
895 4970 1039 5040 spiritum,
1066 4971 1177 5041 sssfficit,
1197 4974 1265 5028 dari
1288 4972 1318 5026 id
1335 4971 1388 5028 hoc
1406 4974 1487 5029 modo
1505 4973 1651 5029 declarati
1672 4972 1791 5036 Quando
1809 4975 1893 5028 Adae
1909 4975 1969 5043 filii
1986 4976 2164 5030 dicuntur

438 5059 590 5125 appetitum
608 5056 774 5125 sensitivam,
791 5057 876 5120 freno
896 5056 1047 5127 oripinalis
1067 5057 1199 5136 justitiae
1216 5061 1263 5113 de·
1289 5059 1319 5111 in
1335 5060 1448 5113 Adamo
1463 5076 1605 5129 peccasse,
1622 5061 1656 5113 id
1667 5059 1881 5128 intelliqendum
1894 5069 1943 5130 est,
1962 5065 2040 5131 meod
2052 5080 2080 5131 p
2090 5077 2153 5115 ec·

421 5135 558 5196 'stitutum
565 5163 576 5211 ,·
600 5150 631 5196 ut
655 5144 765 5197 animus
788 5150 923 5211 sequatur
946 5150 1184 5212 temperamentum
1202 5162 1262 5200 cor·
1289 5152 1380 5199 catum
1403 5147 1546 5215 potentia,
1579 5164 1635 5200 non
1660 5154 1724 5200 actu
1741 5146 1946 5216 contruserint,
1979 5150 2146 5218 siquidem

429 5229 526 5297 poris,
553 5231 660 5298 sufficit
682 5230 712 5284 in
737 5230 835 5282 eudem
859 5229 971 5282 animas
994 5228 1112 5283 essnuia
1135 5230 1262 5285 radicem
1288 5238 1351 5283 tunc
1367 5249 1423 5285 non
1441 5241 1522 5286 erant
1538 5233 1596 5301 ipa
1611 5234 1642 5287 in
1664 5240 1744 5297 actu,
1772 5234 1825 5286 sed
1841 5234 1871 5287 in
1889 5236 2033 5304 potentia,
2059 5234 2138 5288 sees

433 5314 533 5367 labere
554 5333 663 5369 sensum
687 5334 721 5369 ac
743 5315 890 5369 rationem.
932 5311 1152 5386 Respondemus:
1177 5332 1261 5387 appe·
1288 5320 1363 5385 qued
1381 5319 1457 5373 idem
1476 5327 1523 5389 est,
1542 5336 1598 5374 non
1615 5320 1646 5374 in
1659 5336 1697 5389 se,
1715 5319 1806 5373 sedin
1819 5330 1940 5389 parente
1954 5324 2130 5392 peccarunt·

432 5399 498 5453 titus
525 5401 671 5456 sensitivus
699 5407 765 5456 ante
793 5401 902 5471 lapsum
930 5416 985 5453 non
1012 5398 1157 5470 indigebat
1178 5401 1260 5458 freno
1289 5402 1348 5457 Sed
1363 5407 1594 5474 qssemaclmodum
1613 5407 1643 5460 in
1661 5407 1774 5460 Adamo
1788 5414 1908 5475 praeter
1924 5417 2019 5463 aetum
2037 5406 2126 5462 tutus

430 5494 596 5555 remorante,
619 5488 668 5541 sed
686 5487 836 5542 intrinseca
852 5485 977 5541 bonitate
994 5484 1135 5542 ferebatur
1150 5493 1259 5543 tantum
1283 5492 1395 5558 peccati
1408 5493 1474 5560 fuit
1497 5493 1581 5547 etiam
1599 5493 1744 5562 peruersis
1764 5493 1917 5548 uolumatis
1941 5505 1968 5550 ct
1996 5492 2115 5564 obliqui·

430 5572 466 5627 ad
483 5572 594 5627 bonum.
615 5571 685 5627 Gen.
706 5578 728 5637 1,
748 5592 775 5631 v.
790 5579 837 5630 31:
870 5573 946 5628 Vidit
963 5574 1043 5625 Deus
1067 5582 1165 5626 cuncta
1188 5593 1259 5644 quae
1285 5584 1329 5630 tas
1360 5594 1392 5632 ee
1416 5580 1524 5634 actione
1549 5580 1663 5645 relicta,
1691 5597 1748 5649 per
1771 5598 1856 5649 quam
1877 5590 2015 5649 peccator
2038 5583 2114 5636 ὦκ’

428 5661 549 5727 fecerat,
574 5667 600 5713 et
625 5676 685 5713 ecce
707 5669 786 5714 eraru
811 5661 883 5715 bonu
907 5659 1008 5724 uulde;
1033 5659 1108 5714 unde
1127 5676 1193 5732 ergo
1210 5662 1258 5718 illa
1284 5663 1380 5732 batur,
1405 5666 1447 5719 s'tu
1463 5667 1493 5720 in
1510 5666 1588 5721 nobis
1607 5660 1733 5719 omnilsss
1753 5675 1872 5736 praeter
1900 5668 2106 5738 imputationem

427 5744 527 5809 ἇτᾰξία
549 5750 664 5801 naturae
686 5746 822 5801 humanae
845 5765 895 5818 per
918 5764 948 5801 se
972 5745 1060 5801 bonae
1083 5751 1112 5800 et
1129 5747 1257 5805 omnibus
1282 5748 1484 5809 inobedientiae
1502 5753 1613 5808 Adami
1632 5761 1671 5807 est
1692 5753 1776 5806 etiam
1796 5752 1898 5808 mmilu
1916 5756 2058 5823 peruersis
2076 5757 2109 5810 sl
2148 5749 2158 5768 ²

426 5832 552 5902 partibus
572 5834 697 5903 integrae
718 5832 813 5887 aDeo
829 5831 972 5900 conditae,
991 5831 1014 5887 si
1031 5848 1088 5887 non
1104 5831 1257 5891 interuenit
1281 5835 1431 5905 obliquitas
1449 5838 1598 5910 unnsdque
1614 5839 1764 5895 inhaerens
1769 5861 1782 5906 ,·
1804 5849 1888 5912 atque
1903 5838 1969 5897 leisc
1987 5849 2104 5899 etaim
2160 5847 2166 5878 ³

425 5918 585 5991 corruptio?
605 5926 629 5974 7.
643 5918 819 5988 sequeretur,
831 5927 977 5987 peecatum
990 5919 1175 5989 mqinisnon
1191 5922 1258 5975 tolli
1282 5921 1464 5993 solemma,
1493 5928 1571 5995 quod
1595 5934 1739 5997 peccatum
1768 5927 1908 5997 oriqinale
1930 5929 1970 5985 eit
1985 5936 2102 5989 carata
2129 5891 2166 6042 Ἴ
