5017 6675
1179 602 1302 660 Locus
1320 600 1507 659 SEPTIMUS

1362 764 1388 810 et
1400 764 1517 811 nemon
1531 755 1651 809 saltuem
1662 760 1781 808 ramam
1792 752 1962 824 operemini.-
1982 752 2092 810 interim
2102 757 2200 810 tamen

749 848 771 908 ο
788 846 816 905 Α
833 845 857 905 Ρ
873 845 903 905 11
920 846 945 905 Τ
989 844 1093 906 1111.
1361 840 1426 896 fidei
1439 840 1576 897 certitudo
1587 856 1637 912 per
1649 839 1774 895 timorem
1787 838 1871 894 istum
1880 855 1992 895 minime
2000 838 2200 896 labefactanda

505 983 914 1053 RESPONSIONEM
964 983 1034 1048 nn
1085 980 1336 1059 eurenais
1363 926 1645 1080 Ῑῗζῗᾟᾚῗ,
1664 924 2202 1075 fflssm‘mffl

554 1084 921 1170 QUAESTIONES
964 1086 1020 1150 IN
1061 1083 1161 1150 HOC
1204 1083 1287 1148 MY·
1362 1096 2112 1171 nestram,utiqueergocanobistirmafieripotest.
2140 1101 2199 1155 Ea·

686 1188 874 1255 STERIO
909 1186 1152 1254 EXPEDIT,
1358 1186 1473 1256 plorate
1490 1204 1538 1240 eos
1556 1186 1643 1256 specs,
1661 1183 1701 1238 ait
1719 1184 1860 1256 apostolus
1880 1189 1904 1240 1.
1921 1184 1984 1241 Cor.
2004 1184 2049 1252 13,
2065 1202 2090 1241 r.
2109 1193 2141 1254 5,
2159 1206 2198 1241 an

1362 1273 1425 1326 sitis
1444 1272 1474 1325 in
1486 1272 1565 1341 fide,-
1583 1272 1680 1343 ntique
1698 1287 1765 1343 ergo
1782 1271 1853 1327 scire
1871 1270 1934 1343 quis
1951 1277 2051 1343 potest,
2068 1286 2099 1328 se
2116 1289 2197 1340 verae

372 1370 482 1426 Ἀνακρ.
541 1365 598 1416 201.
634 1357 728 1429 Atque
754 1357 823 1412 haec
850 1356 927 1412 diets
952 1355 1007 1410 sint
1030 1355 1065 1411 de
1089 1355 1176 1409 arduo
1197 1352 1338 1409 electionis
1362 1357 1427 1413 fidei
1451 1363 1481 1413 et
1502 1375 1553 1429 per
1581 1373 1752 1428 consequens
1773 1357 1858 1413 etiam
1882 1356 2078 1414 benetimorum
2094 1357 2197 1416 Christi

281 1438 284 1445 ’
379 1443 481 1512 φαλαί·
505 1450 533 1502 et
552 1443 751 1516 reprobationis
771 1441 918 1513 mysterio,
945 1458 1061 1512 quornm
1079 1456 1186 1495 summa
1204 1443 1260 1505 est,
1283 1454 1339 1492 non
1363 1458 1424 1498 esse
1443 1448 1471 1498 et
1490 1459 1578 1516 usque
1597 1444 1633 1498 ad
1652 1441 1736 1498 finem
1751 1442 1811 1499 fore
1828 1442 2012 1515 participem?

379 1526 473 1630 effic
506 1549 565 1588 esse
596 1529 774 1584 statuendum
804 1527 963 1583 absolutum
988 1525 1100 1598 aliquod
1125 1525 1170 1580 vel
1196 1524 1339 1580 electionis
1403 1535 1461 1585 tos.
1504 1529 1551 1584 Ad
1576 1530 1778 1586 excludendam
1804 1528 1978 1585 securitatem
2004 1531 2143 1587 mmalem
2169 1532 2252 1625 sigi⁸¹

383 1631 490 1672 ceruum.
505 1617 549 1672 rel
566 1613 766 1687 reprobationis
784 1613 933 1674 decretum,
951 1628 1041 1683 neque
1059 1628 1092 1667 ex
1108 1611 1242 1681 praevisis
1253 1609 1339 1664 homi·
1365 1615 1556 1687 corrigendam
1567 1615 1741 1672 temerariam
1752 1616 1983 1687 praesumtionem
1994 1622 2102 1673 veteres
2113 1634 2198 1692 saepe
2210 1596 2252 1677 a:

506 1722 571 1758 num
589 1702 692 1757 meritis
711 1700 872 1756 electionem
890 1698 1097 1762 deducendam,
1123 1713 1214 1768 neque
1230 1696 1339 1751 univer·
1364 1701 1492 1756 ridentur
1510 1718 1622 1774 negare,
1641 1702 1675 1757 de
1693 1700 1945 1772 praedestinatione
1961 1719 2012 1757 nos
2029 1709 2119 1760 certos
2136 1721 2198 1762 esse
2210 1694 2252 1780 ᾖξ’,

506 1790 591 1845 selem
618 1787 739 1844 omnium
762 1785 903 1842 hominum
925 1784 1086 1871 electionem
1109 1783 1340 1838 introducendam
1364 1803 1446 1858 posse
1464 1786 1508 1843 rel
1527 1787 1646 1858 debere3
1672 1787 1723 1842 sed
1738 1792 1813 1843 recte
1830 1786 1908 1842 enim
1927 1789 2092 1846 sententiam
2111 1791 2198 1864 expli-

506 1893 580 1946 esse;
600 1892 633 1930 ex
651 1872 753 1945 quibus
771 1872 898 1928 omnibus
916 1871 999 1926 facile
1017 1870 1137 1943 intelligi
1155 1876 1255 1941 potest,
1273 1868 1340 1940 quid
1365 1878 1447 1944 cant,
1465 1890 1495 1928 se
1515 1892 1569 1930 non
1587 1873 1653 1930 fidei
1673 1873 1875 1945 certitudinem,
1894 1874 1944 1932 sed
1961 1875 2076 1932 camelis
2093 1877 2198 1934 mouri·

506 1963 542 2018 ad
567 1960 740 2032 quaestiones
763 1958 850 2028 alias,
874 1975 947 2031 qnae
965 1958 1001 2014 de
1018 1957 1071 2012 boc
1089 1955 1220 2028 mysterio
1238 1955 1341 2010 moveri
1365 1960 1430 2015 tatis
1456 1960 1688 2033 praesumtionem
1714 1961 1870 2017 excludere.
1913 1961 2010 2017 Ambr.
2035 1961 2081 2019 hb.
2109 1969 2132 2019 2.
2162 1965 2199 2021 de

507 2047 608 2111 solent,
636 2045 860 2116 respondendum
885 2045 935 2114 sit,
963 2061 1057 2100 earnm
1075 2042 1147 2099 enim
1172 2043 1288 2114 ἐργασία
1306 2058 1340 2096 ac
1365 2055 1453 2101 vocet
1471 2053 1547 2118 gent
1565 2063 1588 2102 c.
1608 2053 1639 2103 9:
1667 2047 1841 2116 Nanneius,
1860 2049 1912 2102 sed
1930 2049 2048 2103 dtesius
2065 2049 2138 2104 ottae
2157 2059 2200 2106 est

506 2132 584 2194 λύσις
606 2149 639 2188 ex
662 2130 848 2202 superioribus
871 2130 982 2202 pendet
1019 2129 1064 2185 Sic
1082 2129 1223 2201 quaeritur
1237 2129 1340 2199 primo:
1364 2149 1428 2186 uere
1441 2135 1572 2203 perfecta
1590 2141 1616 2187 et
1632 2150 1731 2188 secura
1747 2134 1892 2199 felicitas:
1921 2134 1952 2187 in
1965 2137 2131 2206 praesenta
2150 2155 2199 2193 aa

381 2207 493 2262 Quesstt.
506 2222 553 2274 Aa
579 2221 615 2273 de
643 2219 775 2272 annone
802 2218 945 2287 quispiam
969 2219 1000 2271 in
1024 2217 1076 2270 irae
1095 2217 1155 2270 vita
1173 2223 1264 2269 semesa
1282 2231 1341 2268 esse
1365 2226 1418 2272 tem
1434 2219 1533 2289 ayonis
1552 2219 1674 2284 ineerta,
1698 2219 1748 2274 ubi
1770 2227 1827 2273 tota
1850 2219 1907 2273 sita
1925 2221 2040 2275 tentatio
2059 2229 2100 2275 est
2120 2230 2145 2277 et
2163 2224 2200 2277 ab

379 2265 492 2354 ilicinis·
504 2308 614 2377 possiti
637 2303 861 2375 Respondemus:
887 2302 1008 2358 Renstos
1027 2310 1056 2357 et
1073 2317 1138 2357 vere
1157 2301 1186 2355 in
1200 2299 1340 2355 Christum
1364 2304 1516 2360 insidiante
1539 2306 1669 2376 nmeriia
1690 2306 1828 2377 neaipsa
1848 2313 1887 2359 eet
1904 2313 1964 2359 tuta
1980 2307 2114 2373 adoria,
2141 2327 2199 2363 mu·

379 2366 492 2457 iffiffi*
506 2392 650 2447 credentes
677 2390 712 2445 de
736 2389 828 2461 matie
845 2387 900 2444 Dei
926 2405 959 2443 aa
983 2387 1140 2443 remissione
1163 2393 1340 2458 meatorum
1365 2391 1516 2445 taediatos
1534 2392 1665 2460 periculo
1686 2409 1742 2445 non
1764 2398 1891 2457 earam,
1918 2384 2026 2446 etlicet
2045 2393 2200 2448 innmneris

380 2472 463 2509 Μ’·
506 2485 596 2534 certos
620 2493 681 2532 esse
702 2493 782 2547 posse
805 2492 838 2530 ac
864 2474 979 2545 debere,
1008 2491 1058 2529 suo
1081 2475 1143 2531 loco
1165 2474 1337 2543 docebimus3
1365 2477 1471 2531 sunau
1480 2478 1539 2531 suis
1547 2479 1630 2532 donet
1637 2479 1767 2532 virtutem
1772 2479 1979 2548 perseverandi
1987 2480 2198 2549 usqueinfiuem

507 2564 577 2620 illud
596 2564 685 2618 solum
702 2561 754 2616 hoc
775 2561 837 2616 loco
857 2561 1110 2630 demonstrandum,
1131 2560 1214 2615 etiam
1231 2560 1267 2616 de
1280 2576 1340 2631 per·
1366 2563 1465 2618 diuina
1481 2564 1633 2632 protectio,
1651 2582 1670 2618 a
1687 2564 1775 2618 nullis
1792 2572 1883 2618 tamen
1906 2566 2014 2634 aufert,
2032 2568 2110 2635 quod
2126 2569 2200 2638 ipsis

507 2649 661 2706 severantia
672 2648 778 2703 firmam
796 2648 825 2701 in
842 2647 971 2702 cordibus
988 2647 1109 2718 ipsorum
1126 2646 1258 2701 fiduciam
1275 2663 1341 2701 con·
1365 2656 1503 2718 repugnat
1519 2667 1551 2704 ea
1562 2649 1641 2720 ipris,
1661 2658 1692 2704 ut
1711 2651 1742 2703 in
1755 2650 1879 2704 omnibus
1892 2650 1995 2704 studiis
2007 2665 2101 2705 eorum
2114 2661 2201 2722 messe

507 2736 562 2807 cipi
585 2751 666 2807 posse
683 2751 717 2790 ac
736 2735 851 2801 debere,
876 2751 946 2805 quae
964 2733 1071 2788 sufficet
1088 2733 1194 2788 nitatur
1210 2731 1266 2789 Dei
1283 2749 1339 2789 om·
1366 2735 1510 2789 conmibss
1535 2751 1644 2804 semper
1667 2736 1741 2789 inter
1763 2752 1793 2788 ee
1815 2734 1886 2788 velle
1908 2742 1933 2788 et
1954 2735 2030 2790 nolle
2053 2746 2201 2797 coneemd.

506 2822 667 2894 nipotentia,
686 2821 740 2875 Dei
752 2819 885 2875 fidelitate
902 2827 930 2874 et
938 2819 992 2874 Dei
1007 2819 1081 2874 bona
1091 2819 1242 2876 voluntate.
1267 2818 1341 2875 Vide
1366 2819 1454 2876 Addit
1483 2826 1576 2875 autem
1601 2821 1729 2877 Ambros.
1749 2837 1779 2877 se
1796 2819 1888 2891 ipsum
1907 2819 2060 2893 explicans:
2091 2824 2200 2878 Merito

506 2909 597 2964 thesin
623 2914 680 2964 184.
717 2906 763 2963 sie
787 2923 853 2978 ergo
878 2906 1009 2961 debemus
1026 2906 1185 2977 procedere.
1220 2905 1341 2973 Quicun-
1364 2908 1452 2976 ipitur
1477 2925 1533 2961 non
1555 2907 1645 2961 solum
1664 2907 1931 2976 attemptantibus,
1959 2924 2054 2963 uerum
2072 2911 2159 2965 enam
2180 2930 2200 2966 a

501 3012 561 3073 ¹qus
587 3011 637 3066 per
661 3006 755 3049 veram
777 2992 861 3048 fidem
878 2991 987 3047 Christo
1012 2990 1174 3058 adhaerent,
1199 2991 1262 3047 illos
1286 3008 1341 3047 non
1361 2994 1580 3062 provectissimis
1605 2994 1710 3048 sannis
1729 2993 1909 3061 uniformiter
1928 2994 1992 3048 Deo
2017 2995 2202 3064 supplicatus·

505 3081 628 3155 patietur
652 3080 742 3136 bonus
770 3079 816 3134 ille
841 3079 941 3134 Pastor
965 3095 998 3134 ex
1024 3077 1152 3132 manibus
1174 3077 1232 3132 suis
1257 3078 1340 3149 eripi3
1367 3087 1392 3133 et
1410 3079 1524 3149 dicitur,
1541 3097 1576 3133 ne
1593 3098 1645 3134 nos
1660 3080 1780 3134 inducas
1796 3078 2019 3149 intentationem,
2038 3082 2091 3134 sesi
2108 3081 2202 3139 libera

507 3167 586 3240 etqui
607 3184 659 3239 ego
672 3183 733 3220 sum
743 3171 856 3220 renatus
869 3170 897 3220 et
908 3162 1045 3220 adhaereo
1057 3163 1165 3219 Christo
1181 3180 1232 3235 per
1247 3179 1341 3219 veram
1366 3182 1417 3219 nos
1437 3183 1456 3219 a
1472 3166 1562 3220 mato:
1583 3166 1719 3220 universis
1731 3166 1819 3235 'eaim,
1837 3166 1888 3234 qui
1901 3165 1931 3219 in
1941 3167 1998 3230 fide
2010 3174 2037 3219 et
2048 3167 2201 3224 mione

507 3254 599 3309 tidem.
634 3252 711 3325 Ergo
733 3268 788 3305 non
813 3251 935 3322 patietur
956 3266 1000 3305 me
1018 3249 1106 3305 bonus
1124 3249 1172 3306 ille
1188 3250 1289 3305 Pastor
1308 3268 1342 3307 ex
1362 3259 1542 3322 pensarent,
1562 3252 1597 3306 ab
1616 3253 1678 3323 apso
1697 3253 1833 3316 donatur,
1853 3268 1888 3306 ne
1905 3251 1935 3304 in
1952 3253 2102 3308 tentatione
2119 3272 2201 3325 sirpe·

414 3324 434 3404 ‚³
508 3341 565 3397 sus
585 3337 713 3395 manium
730 3337 807 3409 sapi.
843 3336 873 3393 st
894 3335 1081 3392 obmurmuret
1097 3337 1223 3407 senum,
1239 3336 1342 3393 mua.
1367 3346 1477 3408 enar,
1496 3346 1525 3393 a
1543 3340 1592 3409 qa
1608 3337 1758 3408 euenor,
1782 3337 1813 3391 a
1831 3337 1956 3392 nonem
1973 3333 2122 3406 ennae,
2144 3348 2199 3399 en,

495 3444 574 3484 ,rere
598 3430 708 3481 renatos
726 3423 847 3478 vicissim
870 3422 961 3495 gratia
985 3421 1039 3478 Dei
1058 3423 1204 3491 excidisse,
1229 3440 1342 3496 respon-
1370 3424 1452 3488 Quod
1468 3426 1556 3479 Pater
1572 3426 1651 3480 Filio
1669 3426 1762 3493 dedit,
1789 3424 1866 3490 filius
1889 3440 1946 3478 non
1970 3425 2087 3497 omiti,
2111 3443 2201 3498 neque

509 3514 574 3570 dest
600 3512 683 3582 fides,
717 3510 759 3565 illi
784 3509 945 3581 semetipsos
962 3514 1060 3581 sponte
1078 3526 1112 3565 ac
1130 3509 1268 3565 destinata
1284 3526 1342 3565 ma·
1367 3513 1514 3581 qumquam
1526 3519 1620 3582 potest
1637 3512 1672 3564 de
1690 3528 1775 3565 manu
1791 3510 1852 3579 ejus
1870 3510 1976 3580 eripere
1987 3513 2065 3579 quod
2075 3514 2200 3584 accepit:

507 3600 569 3655 litis
585 3617 603 3654 a
621 3596 730 3653 Christo
748 3601 921 3661 averterunt,
949 3612 1004 3651 non
1024 3614 1057 3652 ex
1076 3595 1203 3651 absoluto
1221 3596 1341 3668 quodam
1360 3598 1698 3666 firmumfundamentum
1704 3598 1765 3651 Dei
1773 3603 1837 3666 stat,
1844 3604 1870 3650 et
1881 3598 2008 3650 mansuri
2016 3599 2046 3652 in
2054 3606 2200 3655 aeternum

508 3687 571 3744 odio
589 3703 607 3741 a
625 3684 685 3741 Deo
701 3689 766 3739 sunt
784 3682 896 3755 rejecti,
913 3699 966 3753 ego
983 3699 1048 3738 vero
1066 3686 1223 3739 constanter
1240 3682 1341 3737 adbae
1367 3684 1465 3753 templi
1481 3684 1643 3749 aedificatio
1657 3701 1713 3737 non
1726 3682 1844 3736 oacilm
1853 3688 2001 3752 macunen
2010 3700 2096 3753 super
2105 3701 2200 3741 omnes

508 3773 573 3828 rebo
580 3772 640 3827 Deo
647 3785 719 3836 meo,
725 3787 783 3825 non
789 3769 932 3840 delinquet
940 3786 984 3824 me
993 3770 1180 3839 inaeternum,
1187 3769 1261 3826 nitor
1268 3770 1341 3825 enim
1366 3771 1482 3825 ueritate
1501 3778 1528 3823 et
1544 3769 1740 3824 mesericordia
1753 3768 1819 3833 Dei,
1837 3784 1856 3820 a
1870 3785 1923 3838 orso
1942 3769 2039 3839 (nna
2053 3778 2079 3824 et
2095 3774 2203 3827 nemini

508 3858 568 3912 istis
584 3857 638 3912 Dei
655 3855 896 3927 promissionibus:
931 3855 1011 3910 Rom.
1033 3862 1071 3920 11,
1089 3874 1114 3911 v.
1134 3861 1180 3912 29:
1206 3854 1342 3930 iusrupt·
1367 3865 1483 3927 scopatur
1502 3864 1528 3911 et
1545 3855 1621 3909 nulli
1638 3856 1766 3922 debetur)
1783 3857 1813 3909 in
1830 3855 1875 3925 iis,
1893 3873 1961 3926 qsws
1974 3857 2116 3925 promiss't,
2137 3861 2201 3929 effi·

508 3949 575 4012 trra
592 3951 655 3997 sunt
673 3946 750 3997 dona
768 3943 920 3997 stercatio
936 3943 1001 3998 Dei.
1023 3949 1044 3998 1.
1064 3942 1125 3998 Cor.
1149 3949 1170 4010 1,
1190 3960 1216 3999 v.
1236 3948 1266 3998 9:
1293 3943 1342 3997 lii·
1368 3944 1449 3998 citur.
1481 3941 1528 3997 Sic
1540 3939 1660 4013 August.
1677 3941 1705 3995 in
1714 3940 1762 3997 lib.
1782 3940 1817 3997 de
1834 3948 1951 4013 corrept.
1967 3946 1995 3997 et
2010 3941 2102 4014 gratia
2115 3960 2142 3999 c.
2157 3951 2204 4009 1³:

509 4031 581 4084 dele's
607 4038 646 4083 est
664 4031 755 4097 Dosse,
776 4045 833 4097 per
855 4044 934 4097 quem
950 4029 1043 4082 coemi
1058 4046 1162 4084 mmue.
1187 4047 1211 4082 o.
1231 4032 1264 4083 8.·
1281 4029 1342 4097 ipse
1371 4029 1438 4093 Quis
1464 4045 1496 4082 ea
1518 4027 1696 4082 multitudine
1706 4028 1838 4095 fidetium
1856 4028 1991 4098 quamdiu
2010 4029 2041 4081 in
2056 4029 2111 4083 bae
2128 4048 2203 4086 mor-

509 4116 683 4182 conftrmabit
700 4131 751 4169 nos
771 4130 857 4183 usque
875 4114 905 4166 in
917 4115 1012 4183 finem.
1052 4119 1073 4168 1.
1093 4113 1156 4170 Cor.
1177 4120 1226 4182 10,
1251 4132 1278 4168 v.
1299 4120 1344 4170 13:
1368 4114 1478 4168 talitate
1501 4114 1603 4168 vivitur
1625 4114 1655 4168 in
1673 4130 1786 4168 numeru
1802 4113 2075 4183 praedestinatorum
2095 4132 2126 4171 re
2144 4135 2205 4175 esse

509 4203 620 4258 Fidelis
639 4203 733 4269 Deus,
762 4201 813 4269 essi
835 4217 892 4253 non
917 4200 986 4254 sinr't
1009 4217 1060 4253 nos
1079 4202 1183 4263 tentari
1204 4219 1293 4270 supra
1311 4202 1344 4254 id
1363 4202 1552 4270 praesumat!
1573 4199 1628 4256 Sed
1645 4205 1720 4255 recte
1734 4216 1764 4254 se
1780 4198 2016 4270 ipsumexplicat:
2039 4199 2121 4263 Quod
2134 4221 2205 4272 per·

509 4291 586 4359 quod
598 4304 748 4359 possumus
763 4287 850 4351 ferre.
886 4283 958 4341 Phil.
978 4292 1002 4355 2,
1020 4303 1045 4338 v.
1067 4292 1111 4341 te:
1131 4288 1210 4340 Deus
1228 4294 1277 4357 est,
1295 4288 1345 4357 qui
1368 4287 1536 4341 saeuaturis
1555 4284 1667 4341 Senem
1690 4285 1745 4339 ista
1771 4286 1916 4354 dicante,
1941 4286 2025 4356 quasi
2045 4304 2093 4343 eos
2104 4305 2205 4358 perse-
2227 4279 2231 4291 ⁸

509 4382 643 4445 spuatur
670 4376 701 4427 in
731 4373 810 4427 nobes
834 4371 906 4440 ¹aelle
930 4379 956 4426 et
974 4372 1111 4442 perficere
1131 4373 1217 4442 jurata
1243 4373 1343 4427 bonam
1368 4381 1513 4427 ommuros
1533 4372 1669 4426 habeatur
1688 4372 1831 4439 incertum,
1854 4389 1909 4425 non
1927 4371 2012 4425 aliter
2029 4372 2081 4427 ltoe
2098 4376 2204 4431 auses

508 4480 587 4515 ntem
610 4461 787 4515 uoluntatem.
824 4461 850 4514 2.
866 4457 986 4514 Timoth.
1008 4465 1037 4525 t,
1062 4475 1088 4516 v.
1109 4464 1153 4513 tt:
1185 4461 1287 4514 Potens
1303 4468 1344 4515 est
1369 4460 1473 4523 debent,
1492 4459 1589 4529 quibus
1607 4459 1718 4528 eepedit
1736 4476 1792 4512 non
1810 4458 1897 4512 altum
1913 4475 2022 4527 sapere,
2041 4461 2095 4514 sed
2105 4460 2204 4518 timere

509 4549 588 4602 Deus
599 4546 757 4617 depositum
774 4549 897 4598 nostrssm
917 4544 997 4599 nobis
1014 4559 1135 4599 amare.
1369 4554 1418 4599 ete.
1455 4545 1532 4599 Hine
1549 4544 1686 4613 apostolis
1704 4545 1864 4612 dicebatur,
1883 4544 1910 4596 si
1927 4546 2087 4599 mansers'ts‘s
2104 4548 2134 4600 in
2152 4566 2204 4619 me,

542 4638 602 4689 208.
630 4630 735 4688 Concil.
751 4630 877 4687 Trident
896 4647 961 4686 sess.
980 4636 1003 4686 6.
1022 4646 1046 4687 c.
1066 4636 1111 4685 12:
1133 4630 1239 4684 Statuit
1259 4632 1343 4684 nemi-
1369 4633 1479 4685 dicente
1496 4630 1565 4700 iiio,
1592 4631 1642 4699 qui
1657 4630 1724 4685 silos
1740 4631 1834 4700 umque
1850 4631 1953 4683 sciebam
1970 4646 2029 4685 esse
2045 4649 2205 4693 mansuros.

508 4738 569 4775 nem
589 4718 724 4791 qesamdiu
743 4716 773 4769 iu
798 4716 850 4770 ltao
871 4715 1043 4770 mortalitate
1062 4717 1165 4771 uirium
1182 4718 1218 4771 de
1236 4734 1343 4772 arcano
1369 4720 1409 4772 Et
1429 4717 1537 4772 similia
1559 4717 1649 4771 multa
1668 4717 1798 4771 dicuntur
1810 4724 1929 4787 propter
1948 4716 2033 4787 deeius
2052 4720 2205 4775 militatem

508 4808 621 4862 dianae
633 4801 906 4875 praedestinationis
923 4804 1053 4871 musteis
1073 4820 1157 4873 usqase
1171 4805 1242 4857 adeo
1258 4820 1342 4871 prae·
1369 4805 1478 4870 secreu,
1505 4820 1539 4857 ne
1558 4803 1634 4865 forts
1652 4804 1715 4873 quis
1733 4803 1896 4868 emetiatur,
1922 4805 1974 4857 sest
1991 4821 2099 4877 omnes,
2120 4808 2206 4863 aiam

508 4910 615 4947 sumne
643 4891 757 4957 deine,
785 4896 816 4942 ut
844 4896 918 4942 certo
935 4896 1040 4942 statuat
1059 4905 1163 4944 ecesse
1182 4890 1293 4943 omnino
1313 4891 1343 4942 in
1368 4892 1419 4962 qui
1439 4892 1505 4945 bene
1532 4897 1664 4955 currunt,
1689 4889 1820 4959 timeant,
1847 4890 1912 4942 dum
1935 4889 2072 4944 occuitum
2090 4900 2131 4947 est
2148 4910 2204 4963 quo

508 4997 621 5034 numero
637 4976 930 5049 praedestinatorum
949 4992 1014 5027 nam
1030 4993 1086 5029 non
1101 4975 1160 5029 nisi
1174 4992 1208 5030 ea
1224 4969 1529 5053 rpemaliffperoeniaut
1550 4980 1602 5032 etc.
1644 4975 1679 5031 Si
1702 4976 1807 5029 nemini
1831 4975 1986 5044 censemur
2008 4976 2121 5046 (pratia
2145 4977 2207 5034 Dei

509 5066 679 5120 revelatione
695 5062 961 5133 soiri.posse,·quos
978 5063 1057 5115 Deus
1074 5062 1131 5115 sibi
1147 5061 1269 5132 ἁμᾶ.
1303 5062 1343 5116 At
1367 5063 1488 5118 uicissim
1506 5062 1658 5131 acidae),
1686 5069 1743 5114 tam
1761 5063 1811 5115 diu
1828 5061 1958 5114 labment
1975 5061 2098 5122 homines
2119 5064 2206 5121 istum

509 5151 562 5204 hac
586 5150 692 5206 ratione
713 5150 743 5205 in
764 5147 905 5220 perpetuis
926 5145 1130 5202 dubitationum
1147 5145 1278 5204 fluetibus
1294 5147 1343 5202 mi·
1367 5149 1581 5203 saluberrimum
1599 5149 1740 5216 timorem,
1765 5166 1819 5218 auo
1842 5148 1938 5201 uitium
1957 5147 2087 5202 daturis
2105 5152 2205 5221 oppri-

402 5244 437 5288 w.
451 5242 497 5285 tte
510 5253 570 5291 sere
588 5252 749 5307 cogeremur
765 5236 898 5302 laborare,
920 5237 949 5288 et
964 5233 1141 5289 metuendum
1159 5238 1239 5303 esset,
1257 5251 1291 5289 ne
1309 5250 1343 5288 ex
1367 5234 1466 5298 mitur,
1491 5235 1577 5289 donee
1600 5236 1641 5288 ad
1660 5234 1766 5289 Christi
1788 5236 1925 5304 qratiam,
1950 5253 2007 5304 qua
2021 5234 2071 5305 pis
2089 5235 2204 5313 usta,

510 5320 641 5376 fluctibus
659 5321 838 5378 dubitationis
856 5320 886 5375 in
903 5319 1034 5375 vorticem
1054 5320 1252 5391 desperationis
1265 5320 1342 5376 obre·
1362 5320 1555 5391 peruenirent,
1580 5322 1709 5391 Mnoeps
1722 5322 1787 5391 jam
1804 5322 1909 5391 semri,
1932 5339 2074 5391 nunquam
2093 5323 2130 5376 ab
2150 5323 2205 5379 ato

510 5408 551 5480 pti
570 5408 683 5463 tandem
701 5408 859 5479 periremus.
894 5405 1027 5464 Paternus
1044 5406 1178 5476 libenter,
1205 5424 1268 5462 cum
1286 5405 1342 5461 tide
1367 5423 1396 5460 se
1410 5424 1531 5470 camaras,
1551 5425 1622 5478 pesae
1634 5409 1808 5478 praesumtio
1826 5410 1857 5461 in
1874 5408 1927 5462 sisto
1943 5411 2128 5464 tentationum
2141 5410 2206 5467 loco

509 5495 635 5549 timorem
659 5492 770 5550 filialem
792 5497 970 5567 conjunctum
997 5510 1057 5550 esse
1083 5493 1197 5558 debere,
1228 5511 1263 5548 ne
1291 5511 1342 5564 pro
1367 5510 1422 5547 non
1447 5496 1572 5564 reperiit,
1591 5495 1640 5549 udi
1656 5504 1735 5551 tanta
1753 5505 1793 5551 est
1811 5496 1974 5566 infirmitas,
1994 5504 2024 5549 ut
2041 5499 2207 5568 superbiam

499 5581 564 5637 ‘tide
590 5585 618 5635 et
641 5580 788 5635 secudtate
814 5580 933 5651 Spiritus
956 5580 1076 5635 carnalis
1092 5579 1226 5635 securitas
1244 5578 1342 5634 animis
1362 5582 1456 5649 possit
1473 5599 1607 5651 penerare
1624 5585 1766 5640 samnitas.
1786 5583 1858 5640 Vide
1870 5581 2058 5656 Augustinum
2071 5585 2206 5641 securitass

509 5666 608 5723 nostris
628 5666 757 5736 obrepat,
781 5665 844 5722 ideo
866 5667 954 5737 probe
978 5665 1176 5737 perpendenda
1193 5666 1241 5719 illa
1259 5664 1342 5735 Spiri-
1366 5672 1422 5721 tem
1431 5666 1569 5724 carnalem
1580 5673 1608 5724 et
1619 5669 1808 5725 termerariam
1814 5669 2053 5740 praesumtionem,
2060 5687 2112 5743 per
2120 5687 2208 5743 qnam

509 5761 554 5809 tus
572 5773 594 5808 s.
612 5751 801 5824 pronuntiata:
823 5758 844 5807 1.
857 5751 918 5808 Cor.
937 5758 1074 5821 10,v.12:
1098 5751 1154 5813 Qui
1163 5768 1192 5803 se
1204 5751 1344 5805 existimat
1366 5752 1487 5807 studium
1512 5753 1622 5824 pietatis
1647 5761 1674 5810 et
1696 5754 2027 5828 precumlabetactetur,
2047 5756 2207 5829 excludere,

510 5850 600 5907 stare,
624 5842 720 5895 rideat
738 5855 771 5893 ne
788 5842 880 5893 eadat.
901 5838 971 5893 Phn
991 5846 1015 5906 2,
1035 5856 1059 5895 v.
1081 5844 1123 5895 12:
1155 5837 1223 5892 Cum
1242 5840 1341 5893 tinem
1366 5838 1432 5894 tidei
1456 5842 1548 5894 autem
1572 5838 1765 5896 certitudinem
1790 5846 1818 5896 et
1841 5842 2017 5899 secndtatem
2041 5859 2099 5899 non
2116 5841 2208 5919 tollit3
