5017 6675
457 596 517 654 210
1124 582 1248 642 Locus
1267 583 1494 642 UNDECIMUS

363 770 365 774 ν
457 738 637 812 exspectabo,
664 742 752 798 donec
769 738 911 796 conversio
930 746 958 795 et
974 740 1116 795 renovatio
1135 741 1295 811 operatione
1321 757 1371 793 nos
1389 755 1473 794 orare
1490 738 1568 793 Rom.
1582 745 1607 806 8,
1619 754 1644 792 v.
1657 742 1705 804 263
1723 737 1861 808 quomodo
1873 753 1939 808 ergo
1948 737 2162 809 intelligendum

457 829 575 899 Spiritus
593 847 614 881 s.
630 829 712 898 juxta
729 844 823 882 omnes
840 827 944 897 medus
961 827 989 880 in
1003 842 1047 880 me
1059 827 1144 880 fuerit
1156 827 1293 894 absoluta,
1304 743 1308 858 1
1320 825 1422 880 Christi
1441 825 1565 878 dictum?
1585 824 1807 894 Respondemus:
1827 824 1950 894 loquitur
1963 823 2091 880 Christus
2104 843 2162 879 non

456 915 522 985 quia
536 913 655 984 Spiritus
673 932 702 981 s.,
725 921 756 967 ut
767 913 891 982 velimus,
911 913 939 967 in
957 913 1036 968 nobis
1054 913 1114 967 sine
1132 913 1212 968 nobis
1230 929 1292 982 ope·
1305 923 1307 929 '
1321 913 1356 967 de
1383 911 1473 982 prima
1499 911 1621 965 scintilla
1645 910 1710 966 fidei
1729 917 1758 965 et
1775 910 1871 981 primis
1894 910 2014 965 motibus
2032 913 2161 967 salutari·

454 1007 540 1067 ratur,
559 1016 623 1053 cum
642 1005 734 1053 autem
751 999 878 1052 volumus
898 1007 926 1053 et
944 1000 984 1053 sie
1001 999 1137 1066 volumus,
1159 1003 1192 1052 ut
1208 997 1292 1053 facia·
1321 998 1386 1066 bus,
1414 998 1489 1069 quod
1508 998 1626 1067 primum
1645 997 1714 1050 illud
1730 995 1839 1050 initium
1856 996 1923 1050 fidei
1941 1013 2076 1067 queamus
2096 1015 2160 1068 pre·

454 1103 529 1154 mus,
562 1085 704 1139 nobiscum
732 1092 908 1154 cooperatum
939 1102 994 1139 uon
1023 1090 1115 1139 autem
1143 1090 1235 1154 potest
1264 1085 1293 1138 in
1320 1083 1398 1138 cibus
1424 1083 1628 1137 anaturalium
1644 1083 1744 1137 vinum
1762 1083 1877 1139 arbitrio
1896 1082 2030 1154 profectis
2049 1083 2158 1138 11111-

454 1179 560 1242 puncto
578 1171 671 1242 aliquo
690 1170 884 1226 mathematico
904 1172 1020 1240 ostendi,
1039 1170 1088 1225 ubi
1106 1171 1232 1225 voluntas
1251 1170 1293 1224 in·
1320 1186 1374 1240 que
1401 1168 1506 1239 Spiritu
1523 1168 1643 1238 profusis
1661 1173 1840 1233 antevertere,
1858 1169 1908 1223 sed
1927 1169 1963 1223 de
1980 1175 2159 1239 acceptorum

455 1258 541 1328 cipiet
563 1273 660 1328 egere,
686 1257 734 1311 sed
760 1258 871 1328 quaudo
896 1259 987 1329 gratia
1006 1259 1185 1328 praeveniens
1203 1258 1294 1327 prima
1320 1255 1438 1324 Spiritus
1451 1274 1472 1309 s.
1493 1256 1626 1309 donorum
1643 1256 1821 1322 incremento,
1839 1256 1914 1327 quod
1926 1255 2055 1324 petendo,
2073 1272 2160 1325 quae-

456 1344 536 1397 initia
551 1342 617 1396 fidei
635 1348 662 1397 et
680 1344 867 1398 conversionis
884 1343 988 1398 homini
1009 1343 1122 1410 confert,
1141 1344 1233 1398 statim
1252 1344 1292 1397 in·
1320 1342 1420 1409 reudo,
1439 1342 1576 1410 pulsando
1596 1342 1813 1412 impetrandum,
1840 1359 1874 1396 ac
1890 1341 1952 1395 vult
1970 1342 2083 1410 docere,
2101 1358 2159 1396 non

455 1430 524 1499 cipit
548 1429 622 1482 lucta
647 1429 738 1482 carnis
764 1435 792 1483 et
810 1430 942 1500 Spiritus,
970 1436 1054 1500 atque
1072 1430 1122 1484 illa
1142 1430 1218 1484 lucta
1236 1447 1292 1484 non
1321 1445 1379 1482 esse
1402 1428 1546 1483 sensibiles
1571 1443 1604 1481 ac
1630 1427 1763 1482 violentos
1786 1434 1876 1482 motus
1894 1429 2107 1498 exspectandos,
2126 1435 2160 1483 ut

455 1513 488 1568 fit
505 1516 563 1569 sine
579 1521 657 1569 motu
675 1520 785 1570 nostrae
798 1517 964 1584 voluntatis3
983 1533 1016 1571 ae
1033 1517 1160 1570 voluntas
1176 1516 1293 1570 liberata
1320 1514 1353 1567 de
1384 1514 1541 1584 praesentia
1572 1514 1691 1584 Spiritus
1721 1533 1743 1570 s.
1774 1521 1894 1569 statuere
1922 1515 2076 1585 possimus,
2106 1516 2159 1569 sed

455 1618 510 1656 non
523 1608 565 1656 est
574 1602 669 1669 otiosa,
682 1602 731 1656 scd
743 1603 821 1657 novis
832 1602 888 1656 illis
901 1603 1009 1657 donatis
1018 1603 1122 1657 viribus
1136 1602 1233 1657 efficax
1243 1609 1291 1656 est
1319 1599 1429 1670 quaudo
1448 1599 1528 1653 adest
1545 1600 1719 1667 desiderium,
1739 1600 1845 1653 etiamsi
1865 1600 1911 1654 vix
1927 1597 2053 1655 obscuris
2071 1602 2158 1672 gemi-

495 1692 549 1741 126.
580 1687 717 1742 Nimirum
736 1688 877 1742 conversio
895 1705 927 1741 ae
946 1689 1088 1743 renovatio
1105 1704 1160 1741 non
1173 1694 1215 1742 est
1227 1687 1291 1741 talis
1318 1684 1394 1738 tibus
1413 1702 1443 1739 se
1460 1693 1582 1751 exserat,
1610 1691 1702 1740 tamen
1721 1693 1811 1740 certos
1828 1704 1878 1740 nos
1896 1702 1956 1740 esse
1973 1685 2087 1755 debere,
2107 1688 2158 1741 ad·

455 1772 579 1836 mutatio,
598 1790 669 1842 quae
687 1791 743 1826 uno
761 1783 897 1828 momento
914 1775 1007 1828 statim
1019 1774 1146 1828 omnibus
1157 1775 1214 1827 suis
1228 1790 1290 1844 par·
1318 1788 1378 1825 esse
1404 1770 1537 1840 Spiritum
1563 1789 1597 1839 1.,
1626 1771 1743 1842 ideoque
1772 1773 1832 1841 ejus
1856 1770 2011 1825 uberiorem
2035 1773 2156 1843 gratiam

453 1857 529 1911 tibus
548 1858 708 1927 perficiatur
726 1875 760 1912 ac
778 1859 944 1926 absolvatur,
964 1860 1012 1913 sed
1033 1859 1119 1913 habet
1139 1876 1189 1912 sua
1203 1859 1290 1925 initia,
1317 1857 1525 1928 implorandam.

454 1961 518 1998 suos
535 1961 706 2015 progressus,
726 1946 827 2015 quibus
847 1946 876 1998 in
894 1961 996 2016 magna
1016 1945 1175 1999 infirmitate
1184 1945 1291 2015 perlici-
1356 1948 1411 1997 129.
1435 1942 1479 1996 Sic
1492 1942 1554 1996 Gal.
1568 1948 1591 2010 3,
1611 1960 1636 1995 v.
1652 1949 1690 1996 lt.
1706 1942 1860 2011 promissio
1872 1941 1996 2011 Spiritus
2008 1944 2102 2012 accipi
2113 1944 2155 1997 di-

453 2036 506 2086 tur.
542 2031 642 2099 finnt,
667 2032 757 2102 inquit
781 2033 901 2102 August.
929 2031 976 2086 lib.
1004 2039 1025 2086 1.
1051 2032 1087 2085 ad
1108 2030 1201 2100 Simpl.
1220 2049 1247 2100 q.
1267 2037 1291 2099 2,
1318 2028 1390 2080 citur
1409 2043 1465 2096 per
1482 2032 1587 2097 ficiem,
1613 2045 1668 2082 uon
1693 2028 1768 2099 quod
1793 2027 1862 2081 fides
1886 2044 1920 2081 ex
1939 2029 2026 2082 nostri
2046 2029 2155 2084 arbitrii

453 2117 484 2168 in
502 2117 681 2171 conversione
701 2117 894 2170 inchoationes
912 2118 1019 2170 similes
1036 2118 1217 2185 conceptioni,
1236 2135 1291 2170 non
1317 2114 1421 2167 viribus
1440 2114 1559 2184 primum
1579 2121 1710 2185 emergat,
1728 2131 1779 2184 per
1797 2131 1881 2184 quam
1894 2121 1991 2192 postea
2002 2116 2155 2185 participes

454 2209 546 2255 tamen
569 2203 659 2256 solam
686 2204 810 2273 concipi,
836 2205 888 2256 seri
906 2211 930 2255 et
948 2204 1030 2255 nasci
1048 2220 1119 2271 opus
1138 2211 1190 2267 cst,
1220 2204 1291 2256 niiil
1319 2200 1467 2254 reddamur
1491 2200 1702 2255 inhabitationis
1724 2200 1842 2271 Spiritus
1869 2218 1906 2267 s,
1935 2201 1984 2255 sed
2010 2202 2152 2273 apostolus

454 2297 546 2341 tamen
562 2289 660 2342 domem
673 2292 709 2356 fit
727 2291 786 2342 sine
803 2290 929 2355 preterita
947 2290 1005 2341 Dei
1022 2290 1227 2342 misericordia.
1319 2286 1501 2355 1111111111,
1530 2288 1604 2358 quod
1630 2286 1756 2341 efficacia
1779 2287 1899 2356 Spiritus
1918 2295 2026 2341 exserat
2050 2304 2079 2341 se
2102 2304 2156 2357 per

490 2379 547 2429 121.
583 2374 617 2427 111
641 2375 779 2444 principio
799 2373 966 2429 desiderium
999 2380 1042 2430 est
1062 2375 1220 2429 obscurius.
1249 2391 1292 2428 as·
1318 2371 1448 2439 verbum3
1478 2379 1545 2428 tune
1573 2373 1628 2427 fide
1655 2373 1806 2442 accipimus
1834 2372 1967 2441 Spiritum
1984 2390 2015 2438 1.,
2042 2375 2156 2443 quando

455 2459 545 2513 sensio
564 2458 738 2529 languidior,
765 2460 922 2515 obedientia
946 2461 1067 2520 tenuior,
1097 2467 1126 2515 11
1147 2461 1196 2514 illa
1219 2461 1290 2514 dona
1320 2457 1447 2511 audimus
1475 2464 1503 2512 et
1526 2459 1692 2513 meditamur
1716 2475 1811 2512 vocem
1828 2458 1979 2528 evangelii3
2003 2458 2058 2514 fide
2082 2459 2155 2513 acci·

456 2550 566 2614 oportet
584 2561 715 2601 crescere.
750 2544 885 2600 Crescunt
899 2552 991 2601 autem
1007 2547 1034 2600 in
1049 2548 1137 2615 nobis,
1155 2565 1210 2601 non
1223 2549 1291 2601 sieut
1320 2543 1410 2613 pimus
1436 2544 1643 2612 promissionem
1670 2544 1802 2614 Spiritus,
1829 2551 1855 2598 ct
1881 2550 1975 2597 tamen
1998 2561 2032 2600 ex
2055 2544 2157 2599 auditu

454 2630 596 2701 liliaagri,
615 2632 663 2683 sed
677 2632 963 2700 conandaluctando,
978 2633 1146 2702 quaerendo,
1164 2635 1291 2703 petendo,
1320 2645 1369 2698 per
1399 2629 1585 2698 operationem
1615 2628 1733 2697 Spiritus
1757 2648 1776 2680 s.
1803 2634 1845 2682 est
1870 2627 1947 2684 fides.
1989 2628 2109 2699 Spiritus
2134 2648 2156 2683 s.

454 2716 599 2786 pulsando,
618 2721 647 2770 et
665 2717 715 2769 loc
734 2735 789 2769 non
808 2735 841 2770 ee
858 2720 945 2779 nobis,
966 2719 1027 2771 Dei
1038 2722 1201 2774 ‹tonamest
1232 2723 1291 2773 Ha·
1320 2714 1456 2769 hominem
1484 2714 1642 2769 audientem
1664 2714 1777 2769 verbum
1796 2714 1949 2769 forinsecus
1967 2715 2086 2784 primum
2105 2732 2155 2786 ag·

455 2802 678 2869 comitialiter,
707 2803 775 2856 dicit
794 2803 915 2857 salvator
933 2804 1031 2857 llatth.
1053 2809 1140 2867 13,1.
1163 2811 1200 2860 12.
1238 2808 1290 2871 Qui
1319 2801 1454 2870 greditur,
1479 2808 1506 2856 et
1528 2818 1578 2871 per
1600 2801 1727 2854 auditum
1746 2800 1883 2871 evangelii
1902 2799 2052 2854 efficaciter
2069 2801 2099 2855 in
2122 2817 2156 2856 eo

453 2887 567 2940 minima
596 2903 724 2958 quaeque
753 2888 827 2942 dona
855 2888 1010 2957 spiritualia
1042 2906 1058 2943 a
1088 2890 1149 2944 Dco
1178 2891 1292 2960 accepit,
1319 2894 1464 2955 operatur,
1493 2888 1592 2942 deinde
1621 2904 1671 2956 per
1695 2904 1839 2941 accensam
1857 2885 1940 2940 fidem
1959 2886 2057 2956 incipit
2074 2886 2155 2941 babi-

454 2978 534 3044 grata
552 2980 643 3026 mente
657 2978 799 3043 agnoscat,
817 2978 903 3043 petat,
922 2991 956 3027 ea
973 2976 1078 3046 augeri,
1098 2976 1188 3028 nullas
1205 2977 1290 3046 negli·
1318 2978 1377 3025 tere
1406 2973 1435 3025 in
1464 2973 1553 3042 ipsius
1585 2974 1675 3027 corde.
1725 2973 1850 3026 Christus
1877 2959 2010 3042 tanquam
2035 2990 2156 3043 sponsus

453 3063 504 3128 gat
523 3060 679 3112 occasiones
698 3059 727 3111 in
747 3058 851 3129 pietate
869 3060 1043 3129 proficiendi,
1070 3061 1110 3114 ita
1126 3062 1240 3115 dabitur
1257 3062 1291 3128 ei,
1319 3057 1427 3112 animae
1449 3067 1558 3113 nostrae
1586 3077 1636 3128 per
1654 3058 1786 3128 Spiritum
1816 3077 1895 3112 suum
1915 3058 2087 3136 voluntatem
2107 3077 2156 3114 no·

453 3143 753 3209 utsitabuudantior;
774 3145 822 3198 sed
842 3162 898 3198 nou
916 3145 1036 3213 habenti,
1057 3147 1117 3202 i.e.
1137 3147 1240 3217 quiite
1260 3165 1289 3201 se
1318 3151 1402 3197 stram
1427 3144 1480 3197 sibi
1507 3144 1654 3198 conciliare
1672 3161 1704 3199 ae
1724 3145 1868 3199 devincere
1889 3148 2016 3211 conatur,
2042 3151 2074 3197 ut
2093 3163 2156 3216 my·

453 3228 533 3299 gerit,
553 3246 586 3282 ac
603 3229 627 3281 si
644 3228 712 3282 nihil
732 3246 749 3283 a
765 3228 826 3283 Deo
846 3231 1004 3300 accepisset,
1025 3233 1049 3285 ei
1061 3233 1201 3287 auferetur
1215 3235 1288 3304 quod
1318 3230 1388 3283 stica
1404 3230 1452 3283 illu
1471 3230 1645 3301 desponsatio
1663 3229 1719 3294 fiat,
1737 3231 1771 3284 de
1790 3230 1922 3300 qusflos.
1935 3236 1958 3298 2,
1981 3230 2152 3288 restalini.

454 3313 548 3371 habet.
584 3314 646 3380 Qua
662 3315 697 3370 de
716 3332 745 3369 re
762 3314 936 3370 Chemnieius
954 3317 981 3370 in
997 3318 1103 3386 judicio
1121 3319 1156 3372 de
1167 3325 1289 3374 controv.
1354 3322 1410 3372 130.
1455 3316 1528 3371 Hine
1565 3317 1713 3387 dijudicari
1743 3325 1860 3388 possunt
1893 3317 2083 3387 quaestiones,
2114 3326 2201 3371 anan

454 3402 620 3472 quibusdam
641 3420 667 3473 q.
686 3420 712 3471 p.
733 3408 774 3456 63.
793 3403 833 3456 sic
852 3403 970 3456 scribit:
995 3405 1068 3465 Quia
1088 3407 1230 3459 corincrsio
1248 3424 1288 3459 se·
1318 3404 1397 3455 domo
1425 3404 1453 3455 in
1481 3406 1656 3458 eon-versione
1683 3407 1783 3458 lrabeat
1809 3422 1837 3458 se
1861 3422 1934 3474 parc
1958 3405 2083 3472 passive,
2114 3380 2214 3470 unffi

454 3489 574 3540 candum
599 3504 691 3540 omnes
716 3488 762 3540 sai
781 3497 882 3557 partes
905 3507 960 3543 non
984 3491 1078 3542 statim
1096 3500 1288 3547 1111111110-
1317 3490 1463 3542 1111111111
1482 3491 1896 3559 sicutilapiscttruncns,ae
1915 3482 2214 3582 consenescere-{²2³2

454 3581 543 3625 mento
564 3574 726 3641 absolvitur,
748 3593 804 3627 non
823 3576 972 3628 dicendum
991 3584 1038 3645 est,
1057 3578 1224 3631 voluntatem
1243 3582 1290 3632 cie-
1314 3593 1445 3643 proposes
1464 3581 1516 3629 eto.
1536 3593 1592 3646 qua
1608 3576 1642 3630 de
1658 3594 1689 3631 re
1707 3594 1740 3632 ex
1749 3577 1842 3631 Verbo
1861 3576 1914 3631 Dei
1932 3585 1961 3631 et
1975 3577 2094 3632 veritate
2113 3576 2152 3630 sic
2166 3596 2214 3635 pur

455 3658 517 3709 bere
537 3660 654 3712 otiosam
674 3667 699 3712 et
713 3677 787 3727 pere
810 3663 951 3729 passivam
975 3679 1048 3729 esse,
1076 3666 1165 3716 donec
1189 3668 1290 3718 sentiet
1318 3661 1502 3716 statuendum.
1538 3660 1600 3716 Non
1624 3663 1705 3717 affert
1727 3662 1807 3717 homo
1831 3680 1864 3717 ex
1881 3680 1955 3731 penu
1972 3680 2086 3717 suarum
2103 3679 2152 3718 1111-

456 3744 612 3797 absolutam
631 3762 690 3798 esse
709 3747 925 3814 conversionem,
951 3750 1086 3817 nnt‘qnia
1106 3754 1248 3805 conversio
1268 3763 1290 3805 et
1320 3746 1450 3799 turollum
1473 3748 1573 3800 virium
1600 3748 1720 3818 aliquam
1744 3748 1904 3803 facultatem
1923 3749 2097 3821 ἔνεργηηκὴν
2116 3748 2152 3801 ad

456 3832 600 3883 renovatio
625 3838 665 3881 est
689 3849 758 3899 opas
775 3833 846 3897 Dei,
875 3835 959 3894 riclam
981 3851 1037 3885 non
1061 3837 1160 3888 debere
1182 3854 1291 3906 carere,
1319 3832 1475 3901 spirituales
1493 3832 1554 3887 illos
1571 3840 1662 3887 motus
1680 3834 1708 3887 in
1727 3834 1918 3902 conversione3
1936 3834 2047 3889 iuterim
2058 3840 2153 3889 tamen

315 3949 321 3956 ,
355 3923 441 3967 um
455 3934 493 3967 an
511 3917 567 3984 fiat
590 3916 633 3966 vel
655 3918 741 3979 facta.
761 3918 810 3981 sir,
834 3921 887 3970 sed
910 3920 1009 3971 (leem
1031 3923 1093 3972 Deo
1116 3924 1291 3991 committere,
1318 3919 1460 3972 renovatio
1478 3919 1525 3972 illa
1545 3937 1600 3972 non
1619 3919 1657 3971 ita
1677 3920 1817 3989 recipitur,
1835 3921 1912 3974 velut
1928 3919 2000 3989 lapis
2018 3926 2069 3974 aut
2088 3937 2153 3974 cera

456 4002 506 4071 qni
523 4018 594 4069 epus
611 4019 689 4054 snam
705 4005 812 4071 poterit
830 4007 942 4072 efficere
961 4012 1026 4072 etc,
1050 4010 1103 4059 scri
1119 4025 1177 4060 cum
1194 4009 1289 4077 prime
1319 4003 1440 4074 aliquam
1469 4005 1675 4073 impressionem
1702 4006 1812 4075 recipit3
1841 4009 1892 4059 sed
1913 4008 1993 4061 Deus
2018 4014 2155 4074 eperatm

454 4086 539 4139 initia
562 4088 750 4141 conversionis
769 4106 824 4156 per
845 4090 981 4158 Spiritum
999 4110 1021 4148 1.
1041 4094 1120 4146 nohis
1139 4096 1289 4147 donentur.
1320 4090 1663 4157 1111101118116116Ρ111Η1
1687 4096 1724 4146 ¹3·
1759 4091 1967 4159 HisscAuillssi·
1986 4092 2153 4163 (1110οΠ8111·

454 4173 550 4225 statim
568 4173 660 4226 orr'tur
677 4174 753 4226 iacta
774 4176 868 4241 carneis
886 4185 912 4229 ct
931 4177 1070 4246 Spiritus,
1096 4198 1179 4248 praem
1203 4183 1290 4234 mani·
1319 4183 1346 4230 ct
1371 4195 1411 4245 gr.
1438 4193 1461 4231 e.
1495 4183 1538 4229 ll:
1569 4180 1648 4229 Dens
1679 4178 1766 4230 tratis
1792 4178 1916 4229 hanzines
1940 4179 1999 4229 11111
2026 4179 2153 4245 ipsorum

455 4261 558 4321 festam
576 4268 616 4312 est
628 4261 699 4328 fieri
717 4279 773 4314 non
789 4263 849 4314 nine
867 4271 941 4315 motu
958 4265 1110 4317 inclametis
1124 4275 1244 4336 nostroe,
1264 4278 1288 4319 et
1320 4263 1509 4330 volirntstiims,
1528 4265 1580 4315 sed
1596 4280 1666 4331 ques
1684 4264 1744 4331 ipse
1762 4272 1894 4331 operatus
1911 4272 1960 4331 cst,
1979 4271 2007 4318 et
2026 4264 2062 4318 de
2082 4272 2153 4336 grat.

455 4348 523 4399 irasc
542 4353 674 4415 συνεργία
692 4348 844 4401 voluntatis
863 4352 1051 4416 annecteris,
1073 4353 1126 4402 seri
1141 4369 1211 4419 qaas
1231 4371 1290 4405 cae·
1319 4355 1346 4402 et
1362 4348 1408 4402 lib.
1426 4349 1484 4402 arb.
1505 4365 1528 4401 c.
1543 4353 1584 4402 ld:
1606 4347 1717 4401 Certum
1736 4357 1775 4402 est
1791 4350 2005 4414 nasidienum
2016 4351 2154 4415 uolumus,

449 4433 495 4501 pit
522 4435 668 4501 renovari,
697 4441 724 4485 et
754 4434 838 4485 initia
864 4435 918 4487 ilia
945 4436 975 4487 in
1000 4453 1101 4503 mapna
1127 4438 1289 4505 infirmitate
1319 4436 1370 4486 seri
1388 4434 1536 4501 iiiesacit,
1555 4441 1585 4486 nt
1604 4434 1728 4498 eclimus,
1747 4436 1781 4487 rie
1800 4452 1854 4503 qao
1873 4435 2045 4489 dictumest:
2072 4437 2153 4491 Dens

453 4527 580 4571 crescant
602 4527 627 4572 et
651 4528 788 4587 stipentur
811 4537 866 4572 nen
889 4521 949 4572 sine
973 4530 1048 4573 rnatu
1066 4531 1177 4576 nostrae
1196 4527 1289 4578 soliis.
1319 4530 1366 4587 cst,
1386 4522 1435 4588 qai
1452 4529 1587 4588 operatur
1604 4521 1633 4572 in
1650 4520 1819 4573 1111111111.

453 4604 533 4671 tatis,
559 4604 613 4657 illo
638 4612 730 4657 1111111
759 4611 890 4675 συνεργία
919 4623 1028 4674 semper
1052 4611 1159 4676 pendet
1186 4628 1205 4661 n
1232 4612 1304 4693 Dei)
1356 4613 1411 4661 131.
1447 4606 1498 4659 Ε11
1524 4607 1636 4676 quidem
1659 4624 1707 4659 eor
1724 4607 1844 4659 leminis
1862 4612 1927 4661 ante
1944 4606 2152 4663 conversionem

451 4692 554 4758 pretio,
576 4696 627 4745 etc.
1319 4693 1462 4760 lapideum
1488 4691 1589 4745 Erech.
1617 4698 1662 4758 36,
1694 4698 1744 4754 26,
1777 4692 1885 4747 iuterim
1912 4699 2006 4747 tamen
2032 4709 2091 4748 non
2112 4701 2155 4749 est

767 4798 975 4807 ----
1317 4777 1510 4848 cogitandum,
1536 4779 1611 4849 quod
1635 4778 1775 4833 conversio
1790 4778 1918 4832 bominis
1943 4778 1978 4832 sit
2003 4785 2111 4835 coacta
2125 4784 2154 4834 st
2171 4802 2214 4844 u

721 4895 742 4955 c
759 4895 788 4955 A
808 4895 832 4956 P
852 4896 923 4955 Π.
965 4897 1018 4957 XI
1301 4864 1450 4946 1111111111,
1475 4864 1549 4933 quod
1572 4864 1701 4917 voluntas
1718 4864 1800 4918 bruta
1816 4864 1967 4934 agitatione
1984 4863 2154 4932 percellatur
2205 4850 2207 4854 ¹

1020 4940 1024 4951 '
1319 4956 1346 5002 et
1370 4949 1561 5018 protrudatur,
1580 4950 1652 5004 sicut
1669 4950 1776 5019 lapides
1794 4949 2003 5019 provolvuntur,
2025 4954 2077 5003 aut
2094 4948 2154 5003 sine

453 5016 522 5081 EX
536 5017 561 5081 P
573 5016 599 5081 L
612 5015 665 5081 10
679 5018 770 5083 ΑΤΙ
783 5019 810 5083 O
837 5018 866 5083 D
879 5019 897 5081 Ι
909 5019 934 5084 C
946 5020 974 5084 T
987 5019 1014 5085 Ο
1025 5022 1052 5084 R
1065 5020 1092 5086 U
1105 5023 1137 5086 M
1166 5024 1195 5101 Q
1207 5025 1235 5089 U
1248 5025 1289 5091 Ο·
1319 5035 1392 5088 omui
1402 5042 1476 5089 motu
1488 5034 1545 5097 fiat,
1560 5036 1630 5089 sicut
1641 5036 1775 5104 arreptitii
1787 5035 1898 5089 oracula
1912 5034 1976 5088 olim
1989 5033 2155 5100 fundebant,

453 5117 554 5182 RUN
564 5118 629 5182 DA
639 5120 671 5182 M
696 5117 787 5184 SCR
797 5120 1023 5187 IPTURAE
1049 5124 1110 5186 ET
1134 5124 1197 5199 (111
1207 5126 1289 5189 ΑΕ.
1303 5146 1304 5223 p
1319 5122 1367 5174 sed
1392 5122 1506 5174 docetur
1532 5120 1574 5174 his
1600 5128 1628 5174 et
1654 5121 1790 5175 similibus
1809 5119 1973 5191 phrasibus,
1996 5121 2027 5174 in
2046 5120 2158 5175 homins

454 5217 691 5286 STIONUM
714 5222 780 5286 DE
806 5223 999 5290 LIBERO
1028 5225 1289 5293 ARBITRIO·
1321 5207 1411 5260 nullas
1437 5224 1472 5260 ne
1499 5207 1650 5261 modiculae
1677 5207 1788 5277 quidem
1811 5207 1884 5262 vires
1901 5206 2043 5261 naturales
2059 5222 2158 5276 super·

1304 5301 1305 5309 ¹
1323 5308 1392 5360 esse,
1410 5293 1510 5362 quibus
1528 5294 1572 5346 sui
1590 5295 1793 5349 conversionem
1812 5292 1921 5363 operari
1938 5292 2032 5363 possit.

489 5378 544 5427 128.
576 5372 618 5426 Ex
636 5372 689 5427 boc
709 5374 893 5429 fundamento
914 5377 1001 5431 multa
1020 5385 1136 5447 possunt
1153 5376 1305 5434 dexterius
1358 5384 1413 5432 132.
1450 5378 1510 5433 Etsi
1534 5380 1648 5450 proinde
1673 5397 1720 5446 eo,
1743 5396 1798 5450 quo
1823 5380 1926 5434 dictum
1946 5386 2001 5440 est,
2026 5385 2214 5447 respectum:

451 5456 569 5528 intelligi
590 5465 618 5511 et
637 5458 784 5528 dijudicari
806 5461 876 5514 Luc.
899 5468 938 5528 11,
956 5480 981 5514 1.
1004 5469 1042 5517 13.
1065 5463 1133 5517 dicit
1151 5464 1289 5519 Christus:
1304 5515 1306 5532 ,
1321 5465 1447 5518 voluntas
1466 5466 1584 5520 hominis
1603 5467 1637 5519 sit
1658 5467 1814 5535 subjectum
1832 5483 1905 5521 mers
1924 5464 2085 5533 παθητικόν,
2105 5456 2214 5546 orirrss,¹

453 5546 539 5598 Pater
551 5544 678 5597 coelestis
695 5547 776 5598 dabit
790 5547 928 5615 Spiritum
942 5566 962 5602 s.
977 5550 1141 5616 petentibus,
1161 5555 1291 5605 ettamen
1321 5552 1511 5619 irrpppnudr,
1536 5559 1564 5607 et
1582 5551 1668 5622 lapidi
1688 5560 1762 5607 recte
1782 5554 1950 5614 contemtum
1976 5550 2043 5623 quia
2061 5556 2159 5606 tamen
2170 5554 2214 5589 *ω

453 5635 475 5685 1.
489 5629 551 5685 Cor.
572 5635 612 5697 12,
630 5647 656 5682 1.
676 5636 699 5684 3.
721 5649 848 5702 expresse
868 5633 936 5688 dicit
953 5635 1103 5705 apostolus,
1123 5639 1200 5703 qima
1214 5628 1307 5694 nemci
1322 5636 1404 5692 bomo
1431 5638 1574 5692 voluntate
1601 5639 1658 5693 sive
1686 5639 1712 5691 vi
1739 5639 1850 5694 volendi
1873 5638 2015 5710 praeditus
2040 5647 2096 5702 est,
2128 5636 2159 5692 iu

447 5718 543 5785 possit
560 5717 655 5771 dicere
668 5718 821 5771 Dominam
834 5719 933 5772 Jesam
955 5720 1094 5788 [videlicet
1110 5738 1143 5775 ex
1161 5738 1226 5775 vera
1238 5721 1307 5830 fidep
1323 5742 1405 5794 quam
1415 5731 1547 5794 tanquam
1566 5726 1722 5794 subjeetum
1739 5725 1839 5778 cadere
1857 5729 1947 5794 potest
1963 5729 2079 5779 externa
2092 5739 2161 5779 con·

352 5816 361 5832 ¹
452 5803 551 5867 cordis,
571 5821 627 5859 non
641 5807 751 5857 tantum
763 5803 933 5874 professione
944 5803 1008 5877 oris]
1020 5808 1077 5861 nesi
1085 5825 1141 5876 pcr
1155 5808 1292 5878 Spiritum
1323 5810 1456 5865 versionis
1469 5810 1566 5881 gratia,
1587 5811 1651 5865 iude
1663 5816 1788 5881 apparet,
1805 5809 1857 5866 hoc
1869 5815 1998 5880 respectu
2005 5826 2075 5865 cum
2087 5827 2108 5866 a
2118 5811 2161 5866 la·

451 5905 485 5956 1,
502 5889 528 5944 is
544 5890 624 5944 solus
642 5897 684 5946 cst
696 5888 823 5960 Spiritm
834 5907 952 5961 precam
965 5891 1047 5947 Zach.
1064 5898 1103 5962 12,
1117 5911 1143 5949 v.
1158 5900 1197 5951 lo.
1212 5896 1294 5951 docet
1309 5895 1388 5971 pide
1409 5895 1531 5964 differre,
1548 5896 1652 5966 quippe
1671 5896 1718 5967 qui
1736 5895 1923 5952 conversionis
1935 5911 2025 5967 capax
2036 5913 2097 5954 non
2106 5907 2165 5958 est
