5017 6675
852 650 904 706 nn
923 649 1140 708 nnncrroun
1156 649 1207 704 ns
1223 646 1527 707 nnenossnons.
1879 708 1885 723 ,
1997 651 2039 709 ιι

334 798 474 855 flectionis
495 802 623 873 exemplo
649 809 734 874 patet
769 805 963 860 Ercluduntur
980 822 1065 876 opera
1081 811 1176 861 nostra
1202 810 1276 859 stum
1292 810 1321 859 et
1336 804 1452 876 proinde
1469 802 1551 857 etiam
1569 801 1661 870 fidem,
1679 800 1753 855 unde
1771 798 1800 853 in
1813 797 1921 852 Christo
1939 796 2038 853 electio

334 887 373 942 ab
393 893 457 941 actn
472 886 693 958 justificationis,
714 907 769 945 non
789 898 880 946 autern
898 892 967 946 tides
1002 897 1029 944 3.
1049 892 1175 945 Praeda·
1201 890 1278 946 sacta
1301 897 1350 946 est.
1387 892 1492 947 Verum
1514 890 1625 960 quidem
1644 895 1687 942 est
1710 905 1766 942 non
1781 886 1903 956 pendere
1921 884 2039 939 salutem

333 974 451 1027 stinatic
475 982 554 1026 certa
577 984 625 1029 est.
662 977 743 1043 Erpa
767 995 822 1030 non
842 996 903 1030 eum
922 978 1082 1031 conditione
1093 976 1174 1045 fidei.
1202 978 1358 1048 aquodam
1376 976 1548 1044 conditione,
1575 993 1645 1046 quae
1670 975 1699 1029 in
1716 973 1815 1028 nostris
1834 971 1914 1027 liberi
1930 970 2038 1026 arbitrii

335 1057 420 1127 Resp.
438 1075 512 1129 quse
529 1075 595 1113 vero
613 1059 682 1115 haec
701 1061 806 1116 illatio?
826 1061 908 1116 Salus
925 1070 1020 1116 nostra
1037 1068 1113 1116 certa
1127 1069 1176 1122 cst,
1202 1062 1307 1117 viribus
1326 1063 1374 1132 sit,
1395 1061 1504 1116 interim
1527 1069 1620 1116 tamen
1638 1059 1703 1114 fidei
1725 1059 1841 1113 intuitus
1860 1058 1896 1112 ab
1917 1056 1964 1111 illo
1983 1055 2038 1111 sal-

334 1143 447 1198 interim
468 1149 577 1213 tamem
601 1145 625 1198 si
649 1144 745 1200 fideles
764 1147 865 1201 erimus
887 1147 1032 1217 usquead
1052 1156 1175 1200 mortem.
1202 1149 1286 1201 randi
1306 1149 1448 1220 proposito
1473 1147 1582 1202 excludi
1605 1146 1718 1216 nequit,
1738 1151 1771 1198 ut
1795 1161 1845 1198 suo
1871 1145 1932 1198 loco
1954 1142 2038 1197 latius

333 1227 474 1284 Nimirum
502 1248 557 1285 nou
576 1230 705 1286 absoluta
725 1233 862 1301 quaedam
879 1232 1016 1287 certitudo
1035 1231 1175 1287 electionis
1202 1234 1381 1289 ostendimus.
1427 1240 1450 1288 6.
1478 1233 1607 1304 Denique
1636 1231 1776 1285 concludit
1800 1229 1938 1283 Zanchius
1966 1229 2039 1283 lano

333 1321 363 1369 et
388 1314 488 1388 salutis¹
514 1317 738 1381 asserendam,
763 1319 803 1372 ita
827 1319 901 1372 enim
922 1320 996 1372 fores
1014 1318 1177 1388 patefierent
1202 1321 1364 1373 sententiam
1388 1337 1447 1373 erse
1471 1320 1564 1386 mepte
1588 1317 1777 1386 blasphemam
1801 1332 1885 1384 qnam
1902 1314 2038 1381 Pelopia·

332 1400 441 1454 cunali
459 1401 612 1470 securitati,
632 1420 685 1458 nee
702 1402 869 1458 incertitudo
886 1410 915 1457 et
926 1403 1063 1458 dubitatio
1075 1420 1176 1472 propu·
1203 1424 1300 1458 norom
1321 1415 1346 1459 et
1366 1407 1563 1475 Soplristaram
1576 1403 1844 1473 (scholasticorum),
1863 1401 1912 1469 qai
1929 1409 2037 1454 sordere·

332 1485 465 1555 mdo,
484 1486 524 1540 ita
541 1486 614 1542 enim
632 1486 706 1543 fores
725 1488 889 1558 patefierent
907 1489 1106 1559 desperationi,
1126 1489 1175 1541 scd
1202 1493 1279 1557 dont,
1293 1491 1582 1558 praedestinationem
1595 1508 1627 1542 ee
1642 1490 1776 1558 praecisa
1788 1490 1849 1557 fide
1861 1496 1887 1539 et
1896 1488 2041 1555 praeemit

332 1570 430 1624 msrlia
451 1570 635 1627 insistendum
658 1579 700 1629 est
719 1574 778 1632 viat
806 1575 841 1628 de
865 1575 953 1630 salute
976 1581 1070 1629 nostra
1086 1583 1174 1629 certos
1201 1578 1331 1645 operibns
1357 1593 1414 1628 erse
1436 1579 1553 1641 factam.
1589 1575 1645 1628 Illi
1669 1576 1741 1627 enim
1763 1575 1815 1626 etei
1837 1592 1889 1626 eoa
1906 1575 2038 1627 doctrina

332 1674 387 1710 nos
403 1655 472 1712 iecit
487 1657 606 1727 DEUS,
627 1677 682 1713 non
702 1669 793 1715 autem
813 1677 925 1714 securos
944 1660 1080 1730 (intellige
1098 1676 1175 1727 secu·
1201 1663 1304 1716 tollant
1325 1663 1448 1729 qratiam
1467 1663 1539 1729 Dei,
1566 1662 1664 1713 saltem
1689 1661 1848 1728 relinquunt
1867 1660 1931 1713 Deo
1952 1666 2037 1727 prae·

332 1743 447 1798 ritatem
459 1745 620 1811 malem).
644 1750 668 1799 1.
680 1745 812 1800 Condicio
826 1748 879 1800 illo
892 1765 942 1802 nec
956 1748 1035 1800 mala
1046 1748 1174 1800 neeboaa
1201 1749 1362 1801 seientiam:
1380 1757 1410 1800 at
1422 1748 1471 1800 isti
1482 1756 1508 1799 ct
1524 1748 1648 1814 qratiam
1663 1747 1762 1801 tollunt
1776 1754 1801 1798 et
1808 1744 2037 1814 praescientiam.

334 1846 396 1882 esse
409 1830 510 1898 potnit,
529 1847 563 1883 ca·
580 1850 637 1900 prro
654 1835 796 1886 nosDerrs
814 1834 914 1900 clepit:
930 1853 986 1887 aon
1004 1833 1089 1901 amsla,
1108 1835 1175 1902 qm'a
1204 1835 1279 1896 Quid
1296 1835 1368 1886 enim
1391 1841 1432 1886 ast
1451 1835 1546 1885 Deam
1564 1851 1615 1886 noe
1633 1833 1776 1885 advitam
1794 1839 1937 1885 aeternam
1952 1847 2038 1899 prae·

329 1923 451 1985 propter
468 1916 575 1970 malam
592 1934 671 1971 nemo
684 1920 726 1971 ad
743 1920 827 1972 eitam
841 1919 969 1984 elicitur:
989 1937 1075 1988 neqrre
1092 1920 1175 1971 ets'am
1201 1921 1356 1973 destinasse
1375 1936 1407 1971 err
1422 1919 1590 1981 conditione,
1609 1917 1635 1970 si
1647 1918 1858 1985 crediderimus,
1868 1917 1925 1969 nisi
1936 1934 1969 1969 ea
1982 1917 2039 1981 ride

334 2001 609 2070 honarqas'aomm'a
622 2005 702 2072 bosra,
711 2005 995 2072 sidesetrider'opcra
1003 2007 1175 2074 erenteffecta
1203 2015 1300 2058 nostra
1323 2022 1409 2073 eaque
1426 2005 1490 2057 Deo
1512 2004 1611 2070 ipnota
1629 2011 1653 2055 et
1677 2003 1807 2055 incertas
1837 2002 2038 2056 conditionalis

327 2087 612 2157 praedestinationis.
630 2090 684 2142 Est
698 2091 769 2142 enim
780 2090 1015 2158 praedestinatio,
1027 2096 1058 2143 ut
1070 2090 1109 2143 ait
1117 2091 1175 2143 Au·
1202 2093 1274 2143 em'm
1298 2092 1369 2144 nidd
1393 2090 1472 2153 ponit
1491 2089 1521 2140 in
1539 2104 1606 2141 esse.
1641 2086 1866 2156 Respondemus:
1895 2088 1955 2142 Imo
1972 2105 2037 2143 vero
2132 2109 2135 2112 ·

332 2174 588 2244 gnst,satrtrcrum
598 2178 656 2229 Des'
667 2176 1063 2244 beneficiorurnpraeparatrb,
1077 2176 1174 2245 ᾳιιὶὸιιι
1202 2178 1269 2247 quid
1288 2182 1330 2230 est
1347 2174 1523 2239 calumniari,
1550 2175 1573 2227 si
1591 2173 1643 2227 hoc
1664 2189 1719 2227 non
1737 2172 1797 2227 est?
1826 2173 1958 2237 fatemur,
1983 2175 2037 2230 imo

332 2259 488 2312 centesima
502 2261 660 2316 liberanter
674 2265 828 2331 quicumque
843 2263 1009 2317 liberentur.
1030 2262 1175 2323 Quornodo
1201 2271 1259 2317 toto
1277 2267 1388 2333 pectore
1406 2277 1602 2323 asseveremus,
1622 2259 1706 2313 fidem
1725 2273 1784 2313 esse
1802 2276 1872 2329 opus
1889 2260 1964 2328 DEI,
1980 2278 2037 2315 non

332 2345 424 2412 {petar
445 2347 579 2415 sappenr‘t
603 2348 717 2416 aliquid
737 2349 767 2401 in
784 2349 865 2401 nobie
882 2348 1121 2416 praedominante,
1149 2348 1176 2400 sr'
1201 2355 1355 2402 nostrarum
1372 2347 1484 2414 virium,
1512 2346 1631 2400 fatemur
1650 2344 1727 2400 DEO
1746 2345 1784 2399 ab
1807 2346 2036 2409 aeternoconsti-

334 2439 376 2485 est
393 2433 586 2500 praeparatio
604 2435 725 2487 omnium
743 2435 935 2502 beneficiorem
954 2434 1014 2487 Dei
1021 2436 1034 2486 3
1051 2434 1175 2503 proinde
1200 2435 1267 2488 tissc
1293 2433 1406 2504 quinam
1432 2432 1461 2486 in
1480 2431 1620 2488 Christum
1640 2432 1789 2500 credituri,
1817 2433 1954 2504 quomodo
1971 2451 2038 2506 ergo
2081 2487 2084 2492 .

328 2517 493 2586 popnarrts'a
512 2527 590 2581 rant,
607 2536 658 2573 nos
676 2536 734 2572 esse
750 2521 978 2590 praedestinatos
994 2538 1048 2573 non
1067 2526 1174 2571 tantam
1201 2520 1244 2574 rel
1271 2519 1363 2589 gratia
1389 2519 1434 2572 vel
1457 2517 1641 2588 praescientia
1667 2516 1731 2571 DEl
1759 2534 1776 2571 a
1800 2518 1880 2572 nobis
1898 2518 2038 2590 negatur?

334 2605 378 2656 ad
392 2604 494 2673 finem,
521 2606 681 2658 sedetiam
706 2607 748 2658 ad
769 2607 863 2659 cornia
881 2606 992 2673 media,
1017 2606 1116 2674 mione
1134 2606 1175 2658 ad
1202 2606 1263 2668 Quo
1280 2621 1371 2669 sensu,
1392 2620 1482 2674 quove
1501 2603 1582 2658 modo
1602 2602 1740 2672 dicamus,
1765 2601 1831 2657 fidei
1847 2603 1979 2658 intuitum
1996 2605 2049 2667 im.

334 2692 420 2753 fisem
431 2690 556 2759 perduci
568 2707 734 2760 possumus,
760 2700 786 2744 et
801 2693 1031 2760 praedestinatos
1054 2708 1113 2744 erse
1134 2693 1176 2744 ad
1201 2691 1281 2762 gredi
1305 2689 1447 2744 electionis
1474 2688 1629 2756 decretum,
1659 2688 1725 2741 satis
1748 2696 1888 2742 ostensum
1911 2697 1960 2746 est.
1999 2691 2039 2747 st

334 2779 432 2844 fiscus,
459 2776 546 2829 eitam
573 2777 680 2829 scilieet
702 2785 846 2829 oeternum
867 2777 967 2846 alimen
989 2778 1049 2843 laps
1067 2785 1093 2830 et
1112 2794 1175 2831 con·
1202 2777 1298 2831 merito
1323 2775 1454 2830 miramur
1476 2793 1503 2844 p.
1529 2779 1588 2829 629.
1613 2792 1665 2827 nos
1682 2775 1779 2827 vocari
1803 2792 1821 2828 a
1844 2776 1971 2829 Ζαιισὶιίο
1988 2794 2049 2837 noc,

335 2863 457 2929 dracas,
476 2879 573 2931 nempe
590 2862 618 2916 st
635 2862 842 2916 crediderimus.
879 2862 962 2932 Resp.
982 2880 1038 2916 non
1057 2870 1175 2933 negetur
1199 2863 1303 2931 ‘impios
1320 2879 1369 2914 nec
1387 2862 1546 2929 imperitos,
1575 2876 1638 2913 cnm
1656 2858 1710 2914 hoc
1728 2859 1789 2913 loco
1808 2861 1974 2915 sententiam
1991 2879 2038 2917 no·

335 2947 448 3003 DEUM
463 2966 496 3003 ex
514 2964 591 3002 mera
609 2948 701 3019 gratia
716 2948 864 3003 salvandos
882 2948 1018 3003 adfinem
1039 2955 1067 3003 et
1084 2948 1176 3003 media
1200 2955 1286 3002 stram
1306 2947 1419 3017 impiam
1437 2952 1465 3001 et
1484 2947 1674 3016 blasphemam
1695 2962 1755 3002 esse
1771 2947 1939 3016 pronuntiet.

336 3033 575 3106 praedestinasse,
593 3034 642 3088 sed
660 3034 688 3088 in
707 3051 739 3089 eo
757 3034 883 3089 consistit
900 3052 1000 3088 nervus
1019 3041 1173 3089 controver·
1238 3040 1293 3089 116,
1330 3034 1417 3088 Porro
1441 3050 1512 3104 quse
1535 3033 1571 3087 de
1589 3032 1656 3087 fidei
1675 3033 1837 3088 electionem
1856 3033 2037 3104 ingredientis
2050 3025 2161 3069 ΡΜ*

334 3120 411 3188 siae,
430 3135 467 3173 an
485 3117 587 3175 DEUS
604 3119 693 3189 primo
712 3119 840 3174 absoluto
860 3121 980 3190 quodam
999 3119 1174 3190 beneplacito
1200 3120 1304 3174 intuitu
1326 3119 1459 3187 diximus,
1488 3137 1521 3174 es
1544 3119 1579 3174 de
1600 3117 1655 3173 fide
1677 3119 1714 3173 ad
1737 3118 1821 3175 finem
1845 3125 2038 3189 perseverante
2049 3083 2139 3169 2:¹²2·
2206 3104 2215 3110 ⁴

334 3205 373 3260 sd
390 3204 474 3259 finem
491 3203 626 3275 quosdam
644 3204 898 3274 praedestinaverit,
919 3205 1021 3275 quibus
1038 3206 1078 3259 ita
1094 3205 1174 3260 abso
1200 3215 1266 3261 sunt
1290 3205 1486 3276 intelligendu
1512 3223 1568 3260 non
1592 3205 1665 3260 enim
1687 3205 1740 3260 nisi
1757 3211 1963 3275 perseveranter
1981 3223 2038 3263 erc·
2051 3179 2138 3280 iiiiii

334 3292 394 3347 lnte
419 3290 515 3347 electis
536 3290 646 3346 demum
670 3290 843 3346 consdtuerit
865 3291 933 3346 dare
957 3291 1049 3346 media
1073 3297 1102 3345 et
1124 3308 1174 3361 per
1200 3294 1298 3349 dentes
1325 3297 1440 3348 suntet
1467 3291 1597 3347 dicuntur
1620 3291 1703 3347 electi
1728 3292 1765 3348 ad
1789 3292 1875 3367 sitam
1897 3297 2039 3348 aeternam

333 3378 383 3431 illa
402 3376 440 3430 sd
463 3376 547 3431 finem
566 3393 611 3431 eos
633 3376 778 3430 deducere.
816 3377 873 3431 Nos
893 3377 1009 3431 dicimus
1026 3377 1175 3448 respicien·
1200 3379 1299 3435 Matth.
1319 3386 1367 3447 24,
1391 3396 1416 3435 r.
1439 3384 1477 3434 13.
1513 3378 1598 3432 Marc.
1620 3384 1664 3441 13,
1682 3397 1707 3432 v.
1731 3384 1768 3434 13.
1807 3379 1862 3442 Qui
1874 3396 2038 3448 pacavera-

334 3463 403 3517 dum
420 3460 468 3516 hie
493 3478 554 3515 esse
571 3462 695 3517 ordinem
712 3462 808 3531 illum,
833 3479 914 3533 quem
932 3464 1076 3534 Scriptura
1094 3462 1174 3518 nobis
1199 3468 1270 3520 serit
1294 3482 1379 3534 nsque
1402 3467 1444 3519 ad
1459 3466 1559 3533 finem,
1585 3466 1680 3517 salossa
1698 3465 1759 3521 erit.
1795 3465 1884 3535 Apoe.
1905 3471 1927 3532 l,
1944 3483 1970 3521 v.
1991 3471 2038 3520 20:

334 3547 473 3619 proponit
509 3546 604 3602 Primo
627 3547 729 3605 DEUS
753 3548 893 3603 Adamum
918 3557 947 3603 ct
969 3549 998 3603 in
1022 3566 1055 3604 ee
1079 3566 1174 3604 omnes
1202 3556 1272 3608 Esto
1284 3553 1384 3623 fidelis
1402 3568 1487 3620 aspere
1503 3552 1545 3603 ad
1562 3558 1728 3617 mentemst
1746 3552 1819 3603 dado
1837 3552 1890 3603 ricc·
1905 3569 2039 3606 coronam

334 3634 461 3688 homines
478 3634 584 3687 creavit
601 3635 637 3710 ad
657 3633 805 3705 imaginem
823 3652 915 3698 suam,
936 3635 1017 3689 etsic
1034 3635 1070 3689 ad
1089 3636 1175 3690 vitam
1199 3641 1299 3693 vitae·
1327 3638 1492 3707 Quicunque
1520 3635 1606 3706 igitur
1634 3652 1689 3690 nen
1718 3644 1896 3706 perseverant
1920 3637 1950 3690 in
1972 3626 2039 3693 sera

336 3728 487 3775 msernsn.
516 3718 630 3773 Deinde
649 3719 776 3773 Adamus
794 3728 892 3789 sponte
910 3721 1023 3792 propria
1042 3720 1126 3791 culpa
1145 3738 1174 3775 se
1200 3726 1272 3787 fide,
1298 3727 1347 3795 qur·
1367 3743 1422 3778 non
1445 3723 1566 3776 retinent
1583 3723 1685 3785 fidem,
1712 3722 1810 3775 bonam
1833 3723 2039 3778 conscientiam.

335 3805 449 3861 sDEO
468 3806 582 3875 avertit,
605 3824 635 3861 se
659 3813 689 3861 ct
710 3816 835 3876 posteros
854 3814 982 3861 aeternae
1000 3807 1081 3861 morti
1099 3825 1174 3861 man-
1201 3802 1226 3868 Ι1.
1245 3811 1317 3865 Tim.
1337 3817 1359 3879 l,
1380 3828 1405 3863 v.
1428 3814 1466 3863 te.
1484 3807 1537 3862 hoe
1555 3813 1606 3875 est,
1626 3807 1673 3878 qui
1691 3807 1720 3860 in
1740 3825 1845 3862 errores
1863 3815 1960 3863 eontra
1976 3808 2038 3865 fun-

336 3891 448 3962 cipsvit
479 3890 573 3946 Tertio
589 3909 623 3947 ex
643 3892 685 3945 his
696 3892 812 3962 perditis
831 3898 859 3946 et
871 3892 1007 3946 damnatis
1021 3892 1176 3948 hominibus
1201 3899 1361 3952 dementum
1383 3900 1411 3949 et
1428 3900 1545 3964 peccata
1562 3900 1658 3948 eontra
1676 3893 1875 3949 conscientiam
1893 3893 1933 3950 ita
1948 3896 2038 3964 prola·

335 3978 437 4036 DEUS
453 3980 587 4049 quosdam
600 3979 686 4050 elegit
702 3981 739 4033 ad
753 3981 838 4033 vitam
856 3986 1008 4033 setemam:
1028 3996 1094 4033 num
1112 3996 1176 4033 vero
1201 3985 1322 4050 buntur,
1350 3990 1382 4036 ut
1408 3997 1458 4051 per
1483 3998 1576 4035 veram
1601 3979 1801 4050 poenitentiam
1820 3998 1876 4034 non
1892 3987 2040 4052 resurgant

335 4064 483 4120 absolute?
510 4064 620 4119 minime
638 4082 717 4132 vero,
742 4066 792 4119 sed
811 4066 1043 4135 quemadmodum
1061 4065 1090 4119 in
1108 4072 1176 4121 tem·
1201 4080 1266 4125 ante
1282 4069 1367 4125 finem
1379 4069 1459 4135 vitae,
1479 4066 1520 4121 illi
1537 4084 1594 4120 non
1611 4071 1676 4120 sunt
1695 4066 1723 4120 in
1741 4084 1855 4122 numero
1874 4066 2039 4140 electorum

335 4167 403 4221 pore
424 4150 515 4204 salvat
533 4166 596 4218 eos,
621 4150 669 4220 qni
688 4150 786 4204 salutis
806 4151 897 4204 media
914 4151 1009 4205 oblata
1026 4168 1076 4220 per
1093 4150 1175 4205 fidem
1201 4172 1292 4227 neque
1318 4155 1391 4210 enim
1416 4159 1542 4208 renatum
1568 4157 1597 4207 et
1622 4152 1739 4207 electum
1760 4168 1821 4206 esse
1846 4160 1911 4207 sunt
1929 4153 2039 4208 termini

336 4236 464 4292 efficacia
482 4236 602 4307 Spiritus
622 4255 643 4289 s.
669 4236 808 4291 mediante
834 4236 919 4291 verbo
943 4234 1087 4291 accensam
1105 4238 1176 4291 ecci·
1202 4240 1410 4307 convertibiles,
1439 4257 1502 4293 cum
1528 4238 1608 4292 multi
1631 4255 1664 4291 ex
1681 4238 1784 4292 renatis
1803 4239 1902 4293 iterum
1920 4238 2039 4294 finaliter

336 4323 424 4392 pient,
437 4329 466 4377 et
477 4323 506 4376 in
518 4338 584 4376 vers
601 4320 656 4377 fide
674 4338 762 4393 usque
780 4322 816 4375 ad
834 4321 917 4375 finem
934 4328 1118 4392 perseverant,
1136 4323 1176 4376 ita
1201 4331 1340 4396 excident,
1359 4333 1391 4380 ut
1407 4326 1437 4379 in
1455 4325 1570 4380 ardena
1587 4324 1622 4377 de
1641 4332 1755 4392 peccato
1774 4324 1916 4380 evidenter
1926 4324 2038 4402 denon-

336 4408 372 4463 ab
393 4415 506 4463 aeterno
524 4408 631 4463 salvare
652 4408 782 4471 decrevit,
800 4408 817 4462 i.
837 4424 859 4462 e.
880 4407 972 4477 elegit,
991 4407 1054 4462 illos
1073 4424 1175 4471 omnes,
1202 4416 1358 4471 ambimus.

335 4510 405 4565 quos
423 4492 572 4564 praescivit
589 4494 619 4547 in
630 4492 770 4548 Christum
787 4500 997 4563 perseveranter
1014 4492 1174 4550 credituros.

336 4581 400 4635 Non
417 4595 493 4650 ergo,
512 4585 544 4633 ut
561 4577 647 4646 vides,
665 4586 785 4650 negatur
802 4578 1018 4648 praedestinatio
1035 4580 1072 4633 ad
1085 4580 1176 4635 media

335 4672 365 4721 et
381 4663 479 4733 finem,
498 4665 548 4718 sed
569 4664 603 4718 de
620 4664 718 4719 horum
736 4665 832 4719 ordine
851 4664 1004 4735 quaeritur:
1031 4666 1078 4719 An
1098 4666 1175 4720 nimi·

335 4768 398 4805 rum
423 4749 526 4807 DEUS
550 4749 678 4804 absolute
696 4752 832 4821 quosdam
851 4751 966 4822 elegerit
989 4758 1018 4805 et
1035 4751 1090 4805 illis
1109 4751 1175 4805 solis
1481 4767 1503 4827 0
1522 4766 1550 4825 Δ
1569 4766 1594 4825 1>
1613 4766 1686 4825 up
1720 4765 1759 4826 χ,

335 4836 429 4892 media
447 4836 546 4890 salutis
568 4836 667 4891 offerre
686 4837 852 4900 decreveritt
881 4837 910 4889 id
937 4837 1011 4908 quod
1036 4836 1176 4891 affirmant

334 4921 500 4978 calviniani.
544 4923 591 4974 An
617 4937 682 4975 vero
710 4922 838 4976 omnibus
866 4922 894 4975 in
927 4922 1070 4992 evangelio
1096 4939 1174 4977 suam
1244 4906 1699 4977 REPROBATIONEM
1730 4903 1835 4970 NON
1867 4904 1994 4971 ESSE

334 5008 456 5081 marn
485 5016 514 5062 et
543 5007 644 5062 Christi
674 5008 809 5063 beneficia
838 5008 937 5063 offerre
968 5008 1120 5063 decreverit
1149 5016 1176 5063 et
1459 5006 1785 5074 ABSOLUTAM

334 5094 399 5149 illos
429 5095 542 5148 demum
572 5094 780 5165 reprobaverit,
819 5113 888 5165 quos
917 5094 1055 5163 praevidit
1085 5095 1176 5149 media

334 5181 386 5235 illa
411 5180 607 5251 repudiaturos
636 5188 664 5235 et
688 5198 717 5235 se
738 5182 813 5250 ipsos
832 5180 889 5233 vita
916 5186 1029 5234 aeterna
1047 5180 1176 5250 indignos
1240 5185 1296 5236 177.
1339 5178 1483 5234 Hactenus
1510 5176 1679 5231 ostendimus
1708 5175 1870 5230 electionem
1895 5192 1951 5229 non
1977 5186 2166 5278 assessurae·-

272 5278 320 5320 tlt.
333 5264 508 5329 reddituros,
532 5266 607 5336 qnod
630 5264 751 5320 affimat
768 5265 911 5335 Scriptura
936 5281 1015 5318 sacra
1031 5272 1060 5320 et
1076 5283 1126 5319 nos
1143 5284 1176 5321 ex
1203 5266 1374 5333 absolutam,
1398 5264 1451 5319 hoe
1479 5268 1535 5331 est,
1558 5280 1613 5316 non
1639 5262 1761 5331 pendere
1785 5277 1818 5315 ex
1842 5261 1986 5318 voluntate
2011 5248 2163 5331 cintii‘ibs

333 5369 376 5407 ea
397 5358 422 5406 5.
457 5352 538 5405 Deus
554 5353 706 5404 comendam
728 5352 906 5419 propositam
932 5351 1084 5404 voluntaris
1108 5369 1175 5406 enac
1203 5353 1314 5405 decreto
1342 5348 1463 5420 quodam
1485 5347 1540 5402 Dei
1566 5348 1601 5401 de
1627 5354 1761 5401 certorum
1785 5344 1926 5400 hominum
1948 5347 2039 5403 salute
2049 5342 2143 5432 “mh''

333 5440 476 5491 duntaxat
488 5453 540 5489 sas
548 5437 782 5505 praedestinavit,
799 5454 855 5489 non
868 5437 955 5503 ips'tnr
968 5454 1000 5490 ee
1017 5438 1176 5491 conditione
1202 5437 1344 5492 absoluto:
1377 5451 1411 5489 ex
1440 5450 1494 5505 quo
1522 5432 1676 5502 colligitur,
1706 5432 1789 5485 etiarn
1816 5433 2038 5502 reprobationem

332 5522 397 5577 uua
422 5522 467 5575 ccl
492 5522 581 5575 bonas
599 5522 751 5575 volontatis
770 5530 882 5574 nostrae
901 5522 944 5575 cel
964 5523 1033 5585 fidei
1050 5523 1095 5576 vel
1112 5540 1175 5592 ope·
1202 5540 1257 5577 non
1280 5539 1340 5577 esse
1364 5521 1536 5588 absolutam,
1562 5519 1613 5572 hoc
1637 5524 1692 5584 est,
1719 5536 1776 5573 non
1793 5519 1915 5589 pendere
1935 5537 1967 5573 ex
1988 5520 2038 5574 ab·

331 5626 405 5663 ram.
442 5607 478 5661 Si
502 5598 576 5659 enain
594 5624 613 5658 a
636 5606 697 5660 solo
716 5608 776 5659 Dei
793 5610 900 5676 pendet
919 5609 1068 5677 proposito
1087 5616 1112 5661 et
1131 5628 1189 5689 co·¹
1203 5610 1293 5663 soluto
1320 5607 1440 5677 quodem
1464 5605 1518 5658 Dei
1546 5604 1610 5658 odio
1637 5605 1681 5658 vel
1706 5605 1818 5659 decreto
1842 5605 1876 5659 de
1898 5612 2037 5660 cenorum

331 5697 458 5758 lentate,
486 5711 543 5747 non
557 5700 651 5761 potest
670 5710 737 5761 erpo
762 5694 797 5747 ab
814 5694 875 5746 ella
899 5711 948 5763 re,
969 5711 1041 5762 perae
1060 5712 1079 5746 a
1097 5696 1176 5749 nobis
1201 5695 1343 5750 hominum
1366 5691 1550 5745 damnatione.
1588 5689 1716 5744 Dicimus
1741 5691 1844 5745 multos
1868 5689 1905 5744 ab
1923 5697 2038 5744 aeterno

329 5781 478 5849 afirmat,
504 5780 637 5849 pendere.
679 5778 763 5849 Resp.
789 5779 859 5834 illud
885 5779 976 5849 ipsum
1001 5779 1112 5835 divinae
1129 5799 1175 5836 ro-
1203 5798 1263 5836 esse
1281 5777 1450 5851 reprobatos.
1469 5793 1524 5831 non
1544 5782 1638 5831 tamen
1656 5793 1689 5832 ex
1707 5777 1834 5832 absoluto
1851 5775 1971 5846 quodam
1981 5774 2037 5829 Dei

327 5865 448 5925 lnntst's
472 5864 510 5922 ds
532 5865 623 5923 salute
642 5872 737 5922 nostra
758 5865 930 5938 propositum
953 5865 1071 5923 includit
1094 5865 1171 5923 Chri·
1202 5865 1266 5923 odio
1290 5864 1337 5921 rel
1357 5864 1484 5932 demeto,
1505 5862 1556 5919 sed
1583 5862 1650 5934 quia
1670 5862 1812 5933 praevidit
1826 5861 1905 5932 Deus
1923 5860 2035 5929 illosin

1516 4581 1723 4593 ..-----—
