5017 6675
1030 619 1081 674 nn
1100 617 1241 676 cronno
1260 618 1452 677 euenere.
1661 686 1665 693 ,
2026 634 2087 692 253
2227 616 2238 637 ·

399 788 452 824 rem
471 772 619 826 arbitrium
637 789 670 826 ea
693 789 724 827 ee
750 790 805 827 oon
828 774 924 844 babet,
949 783 979 829 at
1003 782 1167 847 reaper-dor
1187 776 1229 829 ad
1239 774 1241 837 Ι
1253 778 1351 830 stenae
1367 774 1546 831 confessionis
1563 774 1696 832 ecclesias
1712 794 1769 832 non
1790 777 1963 833 mediocriter
1985 781 2086 836 turba·
2100 794 2128 835 v.
2144 790 2186 836 tte.

398 875 470 911 mam
487 858 580 928 ipsias
597 860 810 929 emmonem,
824 869 918 931 potest
935 870 1028 916 tamea
1046 882 1065 916 a
1077 866 1142 917 Deo
1158 863 1228 916 reci-
1252 868 1332 930 runt,
1354 868 1514 931 statuentes,
1533 860 1668 917 referente
1687 864 1818 919 Formula
1835 864 1968 921 concord
1990 872 2040 921 art
2061 872 2088 925 t.

394 960 456 1012 pere
468 952 636 1013 potestatem
648 947 791 1015 operandi
795 964 850 1018 por
862 949 986 1017 msam
995 948 1226 1027 praevenientem,
1253 953 1347 1018 negat.
1367 954 1396 1018 l,
1413 949 1491 1018 qnod
1506 948 1588 1001 tomo
1604 966 1661 1002 oon
1680 958 1795 1003 renoba
1815 952 1924 1005 ratione
1937 952 2021 1004 liberi
2039 970 2087 1005 ar·

397 1031 467 1097 prod
482 1048 539 1083 oon
554 1039 648 1100 potest
666 1031 758 1100 lapie,·
782 1033 832 1087 sed
850 1034 925 1105 qnod
936 1032 1110 1106 Augustinus
1128 1034 1164 1089 de
1175 1036 1226 1090 Pe·
1253 1033 1333 1086 titrtr·
1348 1034 1486 1102 infirmior
1498 1033 1662 1103 quidemer't,
1678 1052 1762 1103 quam
1776 1043 1807 1088 itt
1818 1038 2006 1090 conversionis
2018 1054 2086 1091 tuae

397 1113 508 1186 lnginnis
526 1116 592 1171 olim
609 1116 733 1172 dicebat:
751 1119 812 1171 siae
829 1120 963 1189 empulo
981 1120 1050 1174 baec
1067 1120 1226 1191 acciperen-
1253 1119 1363 1173 initiam
1381 1121 1476 1183 facere
1496 1127 1579 1189 atqrre
1591 1121 1723 1189 propriis
1739 1120 1847 1175 uiribus
1864 1140 1923 1176 ecee
1941 1124 1982 1175 ad
1995 1125 2087 1176 Deum

329 1196 448 1270 imur,
466 1202 494 1255 ri
509 1220 566 1256 aori
585 1204 621 1256 ab
638 1203 711 1272 illie,
730 1221 847 1272 quorum
863 1222 961 1259 stom
979 1215 1061 1260 notus
1079 1214 1134 1270 ert,
1153 1207 1412 1280 dice-{convertere
1443 1212 1471 1260 et
1500 1204 1559 1273 lcpi
1583 1207 1644 1258 Dei
1665 1211 1722 1259 toto
1745 1208 1831 1258 eorde
1855 1224 1962 1276 parere
1984 1208 2087 1276 valeat,

396 1295 501 1355 metir,
530 1288 560 1342 id
587 1288 671 1344 etiam
696 1289 749 1345 hoc
776 1290 837 1345 loco
861 1291 1040 1361 pronuntiare
1064 1309 1226 1363 possumus;
1253 1291 1418 1344 irritamen
1441 1294 1469 1345 si
1492 1291 1617 1362 Spiritus
1639 1310 1661 1345 r.
1688 1293 1902 1361 praedicatione
1925 1295 2005 1347 rabi
2029 1295 2090 1348 Dei

396 1373 526 1444 quomodo
544 1374 618 1430 enim
640 1375 747 1433 sincere
767 1374 820 1432 hoc
837 1377 980 1433 doctrinae
998 1377 1125 1432 coelestis
1142 1377 1440 1447 caputjumlameota
1467 1376 1654 1430 corretionis
1671 1377 1776 1446 jecerit
1803 1395 1934 1447 suamque
1958 1380 2084 1448 qratiam

395 1458 572 1515 Bellnminus
588 1466 708 1519 tractare
724 1468 832 1533 potest,
849 1480 912 1517 cum
931 1462 998 1518 alibi
1018 1463 1149 1534 disputet,
1167 1480 1225 1517 cor·
1237 1472 1239 1477 “
1251 1460 1282 1512 iri
1300 1462 1382 1515 aerbo
1403 1463 1573 1530 praedicato
1590 1464 1698 1516 leontini
1720 1464 1864 1531 obtulerit,
1888 1473 1944 1517 tum
1967 1466 2088 1519 leminis

394 1544 545 1616 ruptionem
555 1552 671 1603 natura'e
684 1542 789 1605 ex'sola
800 1548 866 1603 doni
877 1549 1094 1618 supernaturalis
1112 1548 1148 1603 ob
1160 1566 1225 1620 pec·
1252 1547 1420 1600 uoluntatem
1436 1549 1567 1616 propriis
1585 1556 1611 1601 et
1626 1549 1802 1602 naturalibos
1818 1550 1879 1602 soie
1896 1550 2002 1604 viribus
2021 1568 2088 1605 ooo-

394 1637 479 1686 atum
499 1632 646 1689 amissione
663 1632 836 1706 profluxisse,
854 1650 918 1689 cnm
930 1635 1027 1689 merite
1043 1652 1158 1705 operum
1174 1634 1223 1689 hu·
1250 1634 1329 1703 nibil,
1343 1634 1408 1687 licet
1425 1634 1654 1705 idporerr‘prram‚
1674 1637 1814 1705 infirmam
1826 1644 1907 1705 atquc
1921 1637 2088 1705 laopiiidum

395 1735 530 1774 manorum
546 1720 686 1785 defendat,
704 1738 767 1776 cum
787 1721 981 1791 dispositiones
997 1722 1034 1775 ad
1047 1720 1223 1792 justificatio·
1236 1736 1238 1777 t
1251 1720 1404 1774 admodum
1422 1720 1466 1784 sit,
1487 1723 1528 1773 ad
1543 1722 1624 1774 alara
1641 1722 1846 1774 corircrrioaem
1864 1724 2002 1790 conferre,
2024 1739 2085 1775 eam

393 1818 450 1860 nens
474 1805 613 1874 stabiliat,
643 1824 706 1861 cum
735 1824 860 1878 pugnem
883 1807 974 1861 carnis
1002 1813 1030 1862 et
1058 1807 1171 1878 spiritns
1194 1806 1390 1874 iri-adjuvare
1408 1812 1491 1874 atque
1509 1808 1626 1861 adeam
1645 1808 1844 1863 absolvendam
1855 1809 2004 1876 cooperari
2015 1826 2084 1877 pos·

393 1888 496 1949 homme
521 1910 554 1948 ex
578 1894 655 1964 puris
680 1884 852 1948 niturulibns
873 1900 978 1947 remoto
994 1893 1121 1964 justitiae
1141 1892 1223 1965 origi·
1249 1892 1294 1944 rit.
1331 1890 1412 1955 Quod
1430 1908 1496 1962 ergo
1514 1897 1675 1946 statuuntur
1690 1898 1747 1947 tres
1769 1909 1869 1948 causae
1888 1893 2084 1963 conversionis,

392 1975 455 2033 run
480 1977 560 2034 freno
587 1986 676 2034 ortam
700 1998 759 2035 esse
785 1987 908 2050 pugnet,
935 1979 1000 2032 indc
1022 1979 1093 2036 odeo
1121 1970 1371 2046 disorte‘Spiritus
1390 1983 1518 2045 sanctus,
1544 1977 1659 2032 verbum
1678 1978 1732 2032 Dei
1759 1986 1787 2032 et
1807 1979 1933 2034 voluntas
1951 1979 2081 2045 humana,

391 2062 481 2120 scribit
499 2063 548 2120 hb.
568 2071 593 2122 6.
613 2084 636 2120 c.
657 2072 696 2121 15.
723 2083 781 2119 eree
799 2067 891 2120 arllrac
909 2067 938 2119 ia
955 2065 1064 2118 leontino
1084 2073 1148 2118 ante
1166 2083 1222 2118 om·
1249 2080 1312 2116 cum
1338 2061 1488 2118 difficulter
1511 2063 1550 2117 ite
1573 2064 1703 2135 explicari
1726 2064 1826 2134 possit,
1849 2080 1884 2119 ne
1904 2064 2083 2137 Synergismo

391 2167 445 2203 sem
463 2151 587 2218 qratiam
600 2152 717 2205 liberum
736 2151 884 2204 arbitrium
903 2170 959 2206 nort
972 2152 1064 2205 solum
1081 2152 1122 2203 ad
1134 2167 1221 2219 opera
1234 2198 1236 2205 .
1248 2149 1371 2204 fomente
1388 2150 1528 2219 praebeat,
1546 2157 1579 2205 ut
1599 2147 1774 2206 ὑποτυπώσει
1794 2150 1976 2221 ὑγιαινόντων
1993 2152 2085 2220 λόγων

391 2236 531 2290 naturalia
556 2244 581 2291 et
604 2237 739 2302 moralia,
767 2239 819 2291 sed
843 2239 926 2291 etiam
952 2254 1039 2307 opera
1060 2238 1180 2306 pietatis
1198 2234 1339 2297 caminus
1367 2235 1533 2290 conveniens
1558 2236 1770 2307 repudiandum.
1816 2237 1977 2293 Theodorus
2005 2238 2082 2295 Besa

390 2324 626 2391 supernaturalia.
662 2323 696 2377 Id
714 2330 812 2394 postea
829 2322 870 2377 sic
887 2322 1015 2394 explicat,
1034 2325 1111 2392 qaod
1128 2324 1158 2376 iri
1176 2322 1296 2376 lto-lib.
1320 2328 1342 2378 1.
1364 2328 1470 2392 quaest.
1495 2327 1523 2377 et
1549 2341 1670 2394 respons.
1693 2324 1741 2379 tol.
1766 2330 1824 2381 til.
1849 2324 1930 2392 dicit,
1955 2325 2081 2379 bomioes

390 2409 457 2462 mine
471 2417 536 2462 ante
553 2411 677 2477 qratiam
693 2410 730 2462 eit
744 2410 873 2478 potentia
889 2418 997 2462 remota
1015 2417 1040 2462 et
1058 2408 1223 2478 imperfecta
1245 2408 1358 2476 primae
1385 2409 1496 2477 gratiae
1529 2416 1682 2479 συνεργεῖ-ν,
1708 2408 1775 2465 alibi
1801 2417 1893 2466 tamen
1911 2412 2081 2466 contrarium

390 2496 427 2546 ad
448 2512 536 2563 opera
558 2496 674 2565 pietatis
696 2494 842 2560 facienda.
878 2492 933 2549 Sed
952 2494 1038 2567 verbe
1054 2493 1109 2549 ista
1130 2494 1165 2548 de
1183 2512 1223 2548 re·
1235 2488 1237 2515 ³
1250 2493 1354 2550 scribit.

389 2586 459 2634 mota
483 2581 608 2650 potentia
631 2580 760 2635 laborant
783 2579 967 2651 ambiguitate
990 2580 1126 2651 quodam,
1151 2597 1237 2651 quoe¹

388 2666 539 2722 necessaria
565 2666 747 2736 explicatione
768 2666 883 2738 indiget.
920 2665 948 2720 Si
969 2666 1042 2721 enim
1067 2683 1119 2735 per
1136 2681 1223 2720 remo-

388 2758 440 2806 tum
469 2754 620 2822 potentiam
644 2752 808 2824 intelligitur
832 2751 973 2822 capacitas
999 2750 1112 2821 pressive
1139 2759 1223 2821 atque

387 2838 511 2909 aptitudo
525 2839 582 2903 illa,
604 2856 660 2911 que
677 2838 766 2907 horno,
786 2839 867 2908 eujus
887 2836 1016 2891 voluntas
1033 2836 1163 2907 praedite
1181 2843 1223 2891 est

387 2923 558 2978 nuturalrbns
572 2923 842 2995 lrtrryrtrrcvolendi
855 2938 887 2977 ec
904 2921 1025 2991 nolendi,
1043 2922 1220 2993 pergratiam
1234 2930 1236 2990 j
1275 2968 1285 2986 ,

387 3010 472 3079 pouit
488 3009 612 3066 converti
629 3015 657 3065 et
674 3025 762 3080 capax
774 3008 811 3063 sit
823 3006 1038 3079 justificationis,
1059 3007 1160 3078 (qualis
1174 3025 1235 3078 po-·
1516 3001 1583 3062 ΟΔ
1601 3001 1626 3062 P
1642 3002 1671 3062 U
1691 3002 1716 3060 Τ
1755 3001 1815 3063 VI.

387 3094 473 3151 tentia
490 3097 549 3151 sive
567 3095 708 3167 capacitas
722 3111 778 3149 non
795 3093 880 3148 estin
897 3092 992 3164 stipite
1007 3090 1100 3162 ἀλόγῳ
1112 3110 1146 3147 ec
1157 3092 1222 3148 dae·

386 3182 511 3237 monibus
530 3182 559 3236 in
577 3182 650 3236 malo
668 3180 825 3249 obstinatis)
844 3178 1022 3234 concedimus
1038 3179 1123 3234 talem
1134 3197 1222 3235 remo-
1247 3156 1546 3241 REFUTATIO.
1578 3159 1822 3228 ERRORUM
1864 3161 2080 3230 BELLAR·

385 3274 440 3321 tam
457 3267 611 3340 potentiam
626 3268 663 3322 ad
677 3266 883 3322 conversionem
901 3263 1234 3337 inhominesnperesse.¹
1298 3258 1417 3325 MINI
1448 3260 1513 3325 DE
1548 3261 1742 3329 LIBERO
1774 3263 2042 3353 ARBITRIQ

386 3353 413 3410 Si
431 3373 496 3410 vero
516 3355 627 3410 nomine
645 3361 766 3410 remotes
785 3353 925 3424 potentiae
942 3351 1109 3423 intelligitur
1129 3352 1234 3407 activa

385 3440 522 3511 quaedam
538 3439 672 3508 facultas,
697 3456 754 3511 que
775 3455 808 3494 ex
827 3456 857 3494 se
876 3447 904 3494 et
923 3438 980 3493 suis
999 3438 1105 3493 viribus
1123 3440 1234 3499 volun.

384 3533 426 3581 tes
446 3526 565 3581 hominis
585 3525 702 3596 gratiam
727 3532 854 3595 expetere
876 3525 922 3578 rel
947 3523 983 3579 ad
1005 3523 1163 3580 obviantem
1187 3541 1234 3596 ac;
1518 3513 1581 3573 ΒΕ
1600 3514 1621 3574 0
1639 3515 1664 3573 Τ
1680 3514 1739 3576 Ῑο
1779 3516 1804 3576 I.

384 3613 608 3685 praevenientem
636 3611 754 3683 gratiam
781 3627 811 3665 se
836 3608 991 3679 applicare,
1018 3610 1099 3681 eique
1128 3621 1233 3665 essen-¹

383 3701 476 3755 tiendo
508 3698 651 3768 cooperari
679 3696 782 3769 possit,
813 3711 884 3767 quae
911 3695 1035 3766 potentia
1065 3702 1129 3751 gnte
1158 3664 1311 3767 818⁸„ss
1332 3663 1716 3733 DlSTINCTIONE
1745 3669 1903 3737 INTER
1924 3671 2103 3790 tiUXI·¹

384 3786 450 3841 tiam
483 3785 597 3857 quidem
627 3784 662 3838 sit
691 3791 720 3838 et
746 3782 856 3836 dicuttn
885 3788 1006 3851 remota,
1039 3781 1076 3836 ob
1106 3799 1221 3852 praeve·
1365 3767 1497 3833 LIUM
1539 3768 1824 3838 SUFFIOIEN
1831 3772 1855 3840 S
1897 3775 1961 3840 ΕΤ

384 3874 505 3928 trientem
522 3877 631 3934 summ,
650 3873 819 3936 moventem,
847 3866 1013 3922 excitantem
1032 3873 1061 3922 et
1084 3868 1233 3938 adjuvan·¹
1367 3927 1371 3936 ,
1538 3870 1694 3939 EFFIQ
1702 3873 1781 3941 AX·

383 3964 439 4014 tem
466 3957 586 4032 padam
616 3957 645 4010 in
670 3961 765 4011 actum
791 3953 907 4023 prodeat
934 3969 968 4007 ac
995 3953 1152 4025 propinqua
1175 3952 1233 4024 siti

382 4043 449 4100 licet
483 4025 664 4115 firpert'ectu3
702 4048 762 4096 tum
796 4054 931 4109 negamus
968 4039 1052 4093 talem
1086 4046 1233 4114 remotam
1280 4043 1321 4093 to.
1365 4037 1420 4095 Sed
1444 4040 1645 4109 praetermissis
1671 4041 1784 4114 reliquis
1816 4043 1854 4098 ad
1877 4042 2076 4102 Bellumiuum
2091 4066 2200 4110 mum„

383 4128 536 4202 potentiam
552 4129 582 4184 in
604 4127 715 4183 homine
736 4141 887 4196 superesse.
924 4124 1052 4180 Ceterum
1078 4126 1152 4196 quod
1169 4142 1218 4196 po·
1229 4167 1232 4202 ¹.
1244 4123 1398 4194 redeamus,
1418 4124 1452 4179 de
1472 4125 1553 4195 cujus
1570 4127 1709 4183 sententia
1725 4136 1757 4183 ut
1773 4129 1896 4200 apertius
1914 4131 1995 4188 nobis
2011 4147 2077 4186 con-
2091 4119 2209 4162 ⁶¹¹‘¹¹¹⁰²¹’

384 4219 496 4273 steriore
517 4234 599 4272 sensu
617 4214 802 4271 Bellarminns
820 4217 944 4266 remotus
966 4212 1106 4282 potentiae
1125 4212 1218 4267 termi-
1229 4241 1231 4254 ·
1244 4216 1307 4279 stet,
1324 4207 1541 4280 observandum,
1569 4213 1645 4282 quod
1661 4213 1734 4270 inter
1749 4216 1870 4286 reliquus
1888 4217 1995 4288 gratiae
2012 4232 2077 4287 par·
2090 4172 2201 4263 :tifilam

384 4321 449 4358 num
467 4302 601 4373 accipiat,
621 4319 654 4357 ex
672 4318 704 4356 eo
720 4304 811 4370 patet,
830 4297 905 4369 quod
923 4296 1035 4352 scribit:
1058 4299 1231 4362 Arbitrium,
1244 4295 1356 4350 titiones
1375 4294 1423 4350 lib.
1442 4303 1465 4353 1.
1485 4297 1520 4351 de
1537 4303 1608 4369 grat.
1628 4303 1656 4354 et
1673 4299 1721 4357 lib.
1740 4300 1798 4354 arb.
1815 4318 1840 4358 c.
1855 4307 1879 4356 2.
1898 4301 1996 4374 quinto
2013 4301 2075 4357 loco
2091 4273 2213 4368 iiiiii&

384 4391 501 4445 liberum
519 4396 569 4455 eet,
586 4389 638 4440 red
654 4387 714 4455 ejas
732 4386 847 4438 libertas
865 4390 904 4436 eet
923 4383 1006 4452 qoam
1023 4384 1113 4451 ligata
1125 4392 1150 4436 et
1168 4384 1217 4436 im·
1229 4401 1231 4448 t
1243 4387 1371 4436 recenset
1388 4398 1464 4451 eam,
1490 4401 1562 4453 quae
1580 4392 1621 4437 eet
1638 4384 1712 4439 inter
1731 4386 1855 4453 gratiam
1871 4403 1921 4440 eea
1939 4387 2076 4441 ancilium

377 4476 494 4544 perlita,
520 4473 639 4527 solvitur
663 4479 754 4525 autem
778 4478 804 4524 et
826 4470 984 4539 expeditur,
1010 4487 1072 4523 oum
1089 4469 1387 4539 potentia-afficiens
1402 4477 1485 4537 atque
1509 4469 1647 4524 auxilinm
1672 4472 1793 4541 esfioam
1812 4472 1890 4526 illud
1906 4480 1999 4541 roem,
2022 4491 2077 4543 quo

378 4562 512 4630 proxim
530 4560 571 4611 art
589 4559 764 4627 operandam
776 4573 830 4625 per
849 4556 909 4608 Dei
922 4555 1046 4623 qratiam
1063 4556 1092 4609 er'
1106 4551 1230 4636 consa-L
1243 4558 1325 4609 Dare
1349 4556 1390 4608 ita
1413 4555 1550 4609 immolem
1571 4564 1665 4624 vocat,
1700 4559 1800 4611 excitat
1826 4565 1853 4611 et
1873 4560 1980 4627 jocare
2004 4559 2075 4612 diri·

382 4655 434 4700 tur.
472 4644 572 4700 Simile
591 4643 704 4712 aliquid
721 4642 879 4711 reperimur
900 4641 1073 4710 inpotentia
1092 4643 1216 4699 videndi.
1228 4643 1230 4660 '
1242 4643 1349 4708 pendo,
1373 4643 1561 4710 proterendo,
1579 4644 1758 4712 cooperando
1773 4652 1896 4714 paratae
1913 4652 1964 4712 eet,
1985 4652 2017 4696 ut
2034 4662 2076 4698 re·

383 4734 458 4785 Nam
476 4732 587 4783 amente
604 4729 695 4798 speeie
712 4728 839 4782 eeadbilr'
855 4727 936 4780 tata
959 4727 1041 4782 bomo
1062 4730 1217 4797 potentiam
1227 4721 1230 4798 ξ
1241 4743 1308 4780 vera
1321 4727 1415 4796 poerit
1433 4725 1482 4779 illc
1493 4728 1534 4780 eie
1548 4729 1683 4782 excitatae
1699 4737 1725 4782 et
1740 4737 1854 4782 caemar
1869 4728 1940 4782 velle
1950 4730 2074 4797 credere,

382 4827 408 4870 et
427 4817 581 4871 libertatem
599 4815 731 4882 videadi5
749 4823 842 4867 tameo
856 4814 985 4883 potentia
1004 4822 1110 4868 remota
1129 4822 1168 4867 est
1190 4823 1229 4884 et,
1241 4812 1313 4866 velle
1337 4812 1472 4881 coecati,
1496 4813 1567 4867 velle
1588 4814 1688 4868 bonam
1706 4815 1824 4884 aliquod
1841 4816 1955 4883 facere,
1982 4823 2073 4869 mineo

383 4904 500 4958 libertae
520 4902 625 4969 ligata,
652 4902 739 4954 donec
757 4907 872 4968 accepta
891 4899 982 4968 specie
1001 4902 1131 4970 potentia
1152 4898 1337 4976 per-iretbsa
1363 4915 1419 4951 uon
1442 4898 1509 4951 vetti
1533 4902 1646 4954 medem
1673 4909 1721 4954 aut
1745 4901 1868 4954 torreri
1896 4907 1945 4953 aut
1972 4899 2072 4956 bonam

375 4991 495 5057 firiatur
519 4995 546 5041 et
563 4988 593 5040 io
612 4993 704 5039 aetum
724 4986 844 5055 prodire
862 4984 962 5054 poerit.
998 4984 1038 5039 At
1055 4984 1078 5038 si
1096 4985 1164 5041 haec
1182 4983 1360 5051 si-talt'quod
1375 4985 1479 5045 sacae.
1514 4985 1578 5039 Hoc
1596 5003 1662 5040 otro
1679 4994 1774 5054 vocat,
1799 5003 1854 5055 quo
1873 4985 2009 5040 Derceita
2027 4986 2076 5040 lto·

383 5075 510 5130 militndo
528 5073 620 5128 locum
637 5070 739 5127 babere
756 5070 853 5139 debet,
881 5087 932 5141 por
952 5071 1106 5140 potentium
1130 5089 1216 5127 remo·
1227 5119 1229 5124 ,
1242 5069 1340 5122 mittem
1359 5078 1439 5122 υοοαι
1459 5079 1485 5123 et
1500 5072 1601 5125 eadwi
1619 5081 1645 5124 et
1665 5072 1771 5140 juvare
1795 5071 1959 5140 dirigendo,
1979 5082 2075 5142 prote·

382 5168 440 5213 tam
460 5161 497 5214 ad
516 5175 601 5228 opera
617 5156 730 5227 pietatis
748 5156 777 5209 in
799 5156 886 5210 libero
904 5155 1022 5210 hominis
1043 5157 1158 5213 arbitrio
1175 5158 1215 5211 in-
1227 5155 1229 5186 Ι
1240 5156 1344 5223 prodo,
1366 5158 1546 5224 cooperando
1558 5165 1680 5226 paratae
1698 5165 1749 5225 ert,
1765 5165 1798 5210 at
1815 5157 2010 5223 infallibiliter
2033 5177 2076 5214 re·

382 5245 536 5316 telligenda
553 5251 595 5299 est
613 5242 710 5313 utique
734 5243 860 5312 potenm
884 5242 990 5310 activa,
1018 5260 1089 5313 qnae
1112 5260 1162 5314 per
1186 5242 1305 5310 seipsa
1324 5241 1390 5295 velit
1409 5241 1470 5311 ille,
1494 5243 1545 5311 qui
1564 5244 1606 5296 sic
1624 5244 1760 5296 crottam
1784 5251 1810 5297 et
1829 5251 1960 5313 oooatw,
1985 5251 2012 5298 et
2033 5262 2076 5300 re·

382 5338 412 5385 et
438 5331 602 5385 naturaliter
628 5328 736 5385 eiinsit
754 5345 788 5383 ac
806 5328 884 5383 nullo
904 5328 959 5383 alio
977 5327 1030 5383 nisi
1046 5328 1150 5399 objecti
1167 5327 1305 5402 ap-gipea
1322 5328 1431 5396 aulai,
1458 5336 1648 5398 coaretatur,
1672 5329 1771 5381 taram
1798 5328 1903 5398 facim,
1928 5349 2013 5400 paam
2030 5332 2077 5385 di-

381 5416 531 5485 plicatione
547 5415 680 5487 indigeat.
1225 5413 1413 5465 -etiootiooem
1435 5414 1539 5482 probat
1564 5413 1734 5482 sequentia
1762 5418 1801 5469 tl.
1844 5413 2072 5486 Respondemus

309 5508 342 5550 nt
418 5511 459 5559 55.
495 5502 543 5557 Ad
565 5500 637 5556 banc
654 5500 772 5557 clamem
788 5498 928 5556 referendi
949 5499 1033 5553 etiam
1050 5506 1116 5553 sunt
1133 5501 1214 5555 Eras-
1239 5496 1422 5552 concedimus
1441 5513 1508 5553 sanc
1525 5497 1641 5567 Spiritui
1655 5514 1676 5553 s.
1691 5499 1877 5556 conversionis
1888 5519 1959 5572 opus
1973 5518 2073 5573 aggre-

307 5563 355 5602 ¹⁰⁰'
381 5606 443 5643 mus
460 5588 489 5643 in
508 5587 625 5642 dietribe
641 5603 706 5641 cum
719 5602 770 5641 suo
783 5580 929 5649 modiculo,
947 5584 995 5656 qui
1009 5584 1114 5655 aliquid
1127 5604 1214 5656 quan·
1239 5583 1327 5638 dienti
1349 5583 1450 5638 multos
1474 5582 1613 5651 resistere,
1643 5583 1787 5642 consilinm
1804 5585 1860 5641 Dei
1885 5587 2017 5642 adversm
2043 5605 2075 5644 se

380 5675 482 5730 tumr'n
506 5673 643 5728 infirmum
665 5690 699 5727 ae
724 5670 887 5741 lengmdum
910 5670 1015 5725 homini
1038 5670 1129 5726 inesse
1148 5689 1213 5727 eon·
1238 5665 1314 5741 ipsos
1333 5685 1463 5740 spernere
1490 5675 1519 5724 et
1534 5685 1565 5724 se
1581 5669 1655 5740 ipsos
1672 5670 1731 5726 vita
1749 5678 1864 5728 aeterna
1881 5671 2010 5744 indignos
2026 5675 2076 5746 J’u·

378 5760 483 5829 tendit,
508 5775 564 5830 quo
588 5776 618 5814 se
642 5759 678 5814 ad
700 5756 819 5829 gratim
842 5773 1011 5829 praeparare
1028 5762 1057 5811 et
1074 5757 1213 5829 applicare
1237 5756 1340 5825 dicere,
1359 5759 1444 5825 atque
1461 5752 1514 5808 huc
1532 5753 1640 5812 rabone
1658 5758 1810 5829 sesculpa
1822 5755 1942 5830 gratiam
1958 5774 2077 5816 conver·

378 5847 480 5920 possit,
509 5852 539 5902 et
564 5845 744 5917 synergistee
763 5843 850 5900 nostri
871 5842 1017 5915 temporis,
1044 5843 1092 5914 qui
1114 5842 1356 5917 Augu-sionna
1375 5856 1406 5896 se
1424 5841 1572 5914 repellere,
1593 5843 1644 5901 sed
1665 5851 1817 5917 propterea
1838 5844 1929 5917 iprum
1951 5845 2073 5918 gratiam
