5017 6675
532 640 590 701 ιιι
702 613 705 624 “
925 633 927 636 ’
1064 688 1068 703 „
1215 625 1533 691 meosocnivus

530 790 660 847 amissam
678 807 750 856 esse,
778 788 889 846 Catech.
906 787 1009 845 Racov.
1028 806 1056 861 p.
1074 793 1121 859 223
1138 787 1276 854 nimirum,
1294 786 1361 858 qnia
1386 793 1485 860 potest
1520 786 1652 855 Quamvis
1675 786 1747 843 enim
1769 785 1862 858 imago
1879 784 1934 841 Dei
1956 784 2049 857 quoad
2066 783 2222 855 perfectam

530 895 563 933 ex
590 877 662 932 falsa
690 877 837 949 hypothesi
866 880 1006 944 statuunt,
1035 875 1184 948 imaginem
1209 874 1263 930 Dei
1291 873 1361 929 nihil
1383 874 1537 945 justitiam,
1560 873 1734 929 sanctitatem
1757 877 1786 928 et
1813 872 1934 944 reliquas
1956 870 2114 942 spirituales
2139 870 2222 927 dotes

529 964 606 1032 aliud
634 963 719 1019 111111
744 979 828 1034 quam
853 961 1005 1019 dominium
1022 961 1051 1017 in
1076 969 1216 1018 creaturas
1232 959 1361 1032 reliquas,
1387 961 1416 1014 in
1441 961 1564 1017 homine·
1574 959 1700 1032 perierit:
1725 968 1818 1015 tamen
1840 959 1964 1031 reliquae
1987 958 2080 1014 adhuc
2101 964 2168 1013 sunt
2190 959 2221 1013 in
2233 960 2260 1004 1¹

528 1071 555 1123 p.
576 1056 618 1108 13.
1387 1053 1479 1104 mente
1506 1046 1624 1102 hominis
1654 1045 1769 1102 notitiae
1797 1046 1949 1117 practicae,
1979 1045 2157 1100 honestorum
2186 1061 2221 1101 sc

403 1137 548 1230 niciam-¹
567 1144 623 1196 135.
659 1135 823 1235 Agnoscunt
841 1137 955 1209 quidam
972 1152 1006 1191 ex
1023 1135 1091 1207 ipsis
1105 1132 1283 1198 adversariis,
1301 1123 1361 1188 Ori·
1386 1133 1510 1205 turpium
1527 1134 1708 1206 dempsisset,
1731 1148 1802 1204 quae
1819 1131 2022 1189 interfectorem
2039 1148 2057 1187 a
2075 1133 2162 1189 caede
2178 1147 2222 1188 re·

403 1200 481 1280 ligf'
492 1201 517 1230 ⁰
531 1224 624 1297 geni
616 1222 764 1295 imaginem
781 1222 866 1279 Dei'
857 1241 886 1278 in
905 1222 1016 1278 homine
1032 1221 1146 1293 periisse
1162 1218 1310 1287 asserenti,
1335 1223 1363 1273 et
1387 1237 1488 1277 vocare
1512 1219 1665 1289 debebant:
1694 1226 1778 1291 atque
1800 1218 1853 1275 hoc
1878 1218 2018 1275 dictamen
2036 1219 2221 1274 conscientiae

530 1311 609 1366 nobis
635 1309 800 1365 sententiam
828 1309 904 1379 ejus,
938 1308 993 1362 iino
1015 1306 1175 1378 Scripturas
1205 1304 1361 1376 amplexari-
1388 1311 1430 1363 est
1458 1306 1596 1377 particula
1622 1304 1792 1376 quaedam
1784 1304 1912 1377 imaginis
1940 1304 2063 1374 divinoe,
2089 1322 2174 1376 quam
2191 1305 2222 1359 in

530 1398 605 1452 tibus
628 1413 683 1452 non
706 1412 788 1466 posse
810 1395 955 1451 haereseos
973 1399 1067 1451 uotam
1085 1392 1171 1461 inuri,
1197 1391 1221 1446 si
1244 1391 1280 1446 de
1299 1408 1362 1447 cou-
1387 1393 1468 1450 nobis
1497 1392 1565 1464 ipsis
1591 1390 1709 1448 revereri
1739 1390 1880 1447 debemus.
1932 1389 2114 1447 Interfectum
2144 1391 2220 1462 quod

530 1490 622 1537 ereata
646 1482 813 1538 rectitudine
836 1487 919 1554 atque
944 1479 1066 1534 omnium
1088 1478 1177 1532 virum
1202 1475 1363 1548 integritate
1387 1479 1498 1548 attinet,
1526 1479 1550 1534 is
1576 1478 1612 1534 ad
1638 1477 1787 1550 imaginem
1814 1476 1868 1533 Dei
1893 1477 1923 1532 in
1948 1476 2058 1533 Adamo
2084 1478 2222 1546 conditus,

530 1568 622 1640 imago
639 1568 694 1624 Dei
719 1567 880 1639 accipiatur.
926 1565 1061 1637 Alphons.
1089 1564 1124 1619 de
1141 1563 1239 1619 Castro
1263 1562 1311 1616 lib.
1337 1567 1360 1618 2.
1387 1573 1472 1638 atquc
1492 1565 1529 1620 ad
1552 1565 1667 1621 eandem
1687 1580 1738 1635 per
1761 1562 1901 1619 Christum
1922 1570 2084 1635 reparatus:
2104 1563 2223 1635 proinde

530 1656 592 1711 adv.
611 1655 717 1711 haeres.
735 1654 778 1710 tit.
797 1654 908 1710 Adam:
935 1653 1068 1720 01191111
1084 1667 1136 1720 per
1153 1649 1302 1718 imaginem
1319 1648 1361 1702 in·
1388 1655 1417 1709 in
1439 1652 1482 1708 his
1505 1669 1539 1707 ac
1561 1650 1696 1708 similibus
1715 1650 1795 1705 dictis
1814 1648 1957 1722 Scriptura
1976 1651 2090 1722 respicit
2105 1658 2166 1706 tum
2184 1651 2222 1705 ad

530 1743 671 1810 tetlipehat
692 1741 737 1794 oei
760 1748 891 1794 naturam
914 1756 963 1794 seis
981 1738 1164 1792 mittentium
1184 1734 1362 1803 rationalem,
1388 1740 1506 1813 primam
1541 1737 1659 1793 hominis
1695 1737 1879 1806 creationem,
1915 1737 2019 1809 quippe
2051 1737 2080 1791 in
2110 1738 2222 1793 Adamo

529 1829 574 1882 ecl
590 1829 766 1897 significabat
787 1827 999 1880 similitudinem
1018 1841 1071 1887 eeu
1084 1824 1173 1878 animi
1189 1822 1361 1893 qualitatem,
1388 1844 1482 1884 omnes
1505 1829 1570 1880 sunt
1592 1823 1696 1880 conditi
1718 1823 1755 1878 ad
1778 1823 1928 1896 imaginem
1944 1823 2014 1895 Dei:
2040 1830 2100 1880 tuin
2125 1824 2163 1879 ad
2180 1842 2222 1881 re·

533 1915 616 1978 Quod
638 1914 664 1967 ci
686 1914 819 1980 Oriperm
840 1914 991 1967 secandam
1017 1911 1088 1965 itanc
1113 1911 1225 1964 modam
1243 1925 1361 1978 usurpo·
1387 1913 1489 1985 liquias
1506 1911 1636 1984 imaginis
1653 1909 1777 1974 divinae
1802 1909 1905 1982 quippe
1923 1908 1952 1965 in
1969 1917 2059 1966 mente
2077 1910 2223 1966 hominum

529 2000 611 2069 verit,
635 2000 697 2069 quis
721 2016 777 2052 non
800 1998 875 2053 sidet
892 1998 934 2051 ibi
949 1995 1058 2051 nattam
1077 2010 1138 2050 csse
1156 1995 1300 2050 lwetot
1318 2012 1362 2048 tw
1389 2000 1473 2056 etiam
1500 2015 1557 2054 non
1586 2003 1742 2053 renatorum
1773 1996 1882 2068 reliqua
1910 2003 1952 2052 est
1976 1997 2113 2067 particula
2141 1997 2223 2053 istius

529 2087 701 2156 spicionem.¹
720 2084 896 2140 Maldonatus
911 2083 939 2138 in
955 2087 1100 2137 comment
1120 2082 1187 2137 Luc.
1203 2087 1246 2137 ts:
1268 2080 1364 2152 Solent
1389 2087 1547 2158 primaevae
1564 2081 1790 2155 pulchritudinis:
1808 2088 1868 2137 tum
1880 2081 1998 2154 denique
2008 2083 2045 2137 ad
2057 2082 2180 2138 officium
2195 2089 2224 2138 et

476 2196 480 2205 ·
526 2174 656 2245 plerique
679 2188 732 2243 per
757 2172 955 2235 manantem,
984 2188 1067 2240 quom
1088 2170 1228 2241 prodique
1258 2168 1365 2222 diceas
1388 2171 1524 2229 beneficia
1541 2171 1656 2240 Christi;
1680 2170 1796 2226 iscnim
1813 2169 1890 2226 rann
1907 2170 1936 2225 in
1954 2169 2101 2239 mundum,
2123 2177 2156 2226 ut
2175 2171 2222 2227 de·

526 2260 703 2330 perdidimc,
729 2259 848 2313 liberam
870 2257 1018 2311 arbitrium
1040 2263 1199 2325 canasque
1217 2256 1364 2309 innectes
1389 2264 1507 2316 ganamt
1528 2274 1613 2330 opera
1636 2257 1739 2312 diaboli
1767 2273 1800 2311 ac
1825 2273 1875 2328 per
1898 2259 2116 2327 παλιγγενεσίαν
2136 2265 2222 2330 atque

530 2345 682 2410 facultates
698 2343 896 2413 intepretari,-
920 2343 962 2396 sio
978 2342 1164 2411 Aneuniates,
1188 2343 1287 2408 Beda,
1305 2341 1363 2394 Ets-
1388 2347 1577 2402 ἀνακαίνωσιν
1593 2342 1741 2415 imaginem
1751 2341 1806 2398 Dei
1823 2342 1853 2397 in
1864 2341 1945 2398 nobis
1956 2348 2106 2414 repararet
2134 2350 2159 2401 4.
2173 2345 2222 2400 Pa

531 2432 657 2500 mentm,
676 2430 869 2494 Bernhardas,
888 2445 959 2499 qaae
976 2436 1068 2482 111111
1087 2445 1158 2483 sano
1175 2428 1210 2481 ab
1227 2428 1265 2480 itia
1282 2443 1364 2480 1111111
1389 2438 1430 2501 39,
1448 2449 1474 2486 ι.
1489 2439 1518 2488 t:
1534 2432 1573 2485 In
1591 2431 1714 2499 inopine
1734 2429 1861 2483 anemae
1878 2430 1966 2484 tomo.
1996 2428 2222 2500 Respondemus:

533 2519 609 2572 dicta
625 2524 703 2585 mna·
721 2515 776 2570 aiii
787 2532 842 2585 per
859 2515 1120 2569 consubstantians
1139 2515 1285 2584 perditam
1294 2514 1363 2566 ima·
1389 2503 1469 2593 Εξξ
1487 2518 1540 2573 hoc
1560 2517 1621 2573 loeo
1639 2515 1779 2588 significat
1797 2515 1938 2585 umbram,
1968 2532 2065 2571 sensus
2083 2522 2126 2572 est
2145 2517 2223 2588 quod

532 2605 623 2674 pincm
636 2603 882 2657 namucensem
893 2602 1050 2672 siqnifirari‘
1059 2608 1174 2671 patant,·
1192 2597 1364 2670 Ambrosius,
1387 2604 1469 2661 homo
1505 2603 1583 2659 velut
1621 2602 1650 2657 in
1686 2601 1785 2658 umbra
1818 2609 1903 2674 atquc
1938 2600 2060 2657 tenebris
2087 2601 2222 2672 ambulet,

532 2691 639 2759 omnio,
669 2688 774 2760 inquit,
799 2695 921 2742 naturae
946 2695 1109 2742 mnamnito
1135 2687 1285 2741 consumsit
1311 2691 1362 2742 etc.
1388 2692 1518 2762 ignorans
1536 2691 1609 2745 diem
1627 2688 1732 2758 mortis,
1750 2688 1870 2761 ideoque
1888 2688 1988 2757 stolide
2005 2689 2222 2760 agetperituras

531 2777 660 2848 vasquez
685 2775 714 2829 in
736 2770 944 2830 1111111111
961 2779 1026 2831 toni.
1047 2778 1069 2831 1.
1088 2772 1191 2845 disput
1211 2779 1268 2830 131.
1287 2790 1362 2830 num.
1388 2794 1455 2848 opes
1482 2784 1540 2832 tani
1568 2775 1649 2832 11111
1675 2776 1864 2848 congerendo,
1896 2792 1979 2848 quam
2008 2774 2223 2846 explicationem

446 2863 454 2878 ‘
534 2870 581 2921 14:
600 2863 775 2932 Respondeo,
793 2861 942 2930 imaginem
953 2861 1013 2916 Dei
1024 2861 1112 2915 oliam
1125 2876 1184 2915 ecee
1195 2859 1364 2914 naturaiiter
1389 2869 1532 2921 contextus
1553 2862 1694 2919 audenter
1716 2862 1821 2933 probat
1856 2861 1958 2917 Textui
1979 2861 2064 2934 igitur
2081 2878 2138 2917 non
2151 2861 2223 2918 satis

531 2951 696 3019 impressam
713 2948 911 3016 inintellecta,
932 2964 1029 3018 nempe
1046 2948 1208 3001 memoriam
1226 2947 1363 3005 1111111-
1389 2949 1523 3023 congruit,
1541 2948 1617 3022 quod
1628 2948 1803 3021 Augustinus
1820 2954 1849 3003 et
1860 2947 2039 3003 Cassiodorus
2051 2947 2086 3003 de
2098 2948 2224 3020 imagine

532 3045 617 3091 tatem
636 3042 663 3088 et
680 3035 763 3104 lajas
777 3034 848 3088 nitri
860 3034 949 3088 minui
961 3033 1118 3104 intrinsece,
1139 3036 1191 3088 ced
1201 3040 1307 3097 tantam
1321 3049 1364 3087 es-
1390 3036 1456 3091 DEI
1477 3035 1530 3092 hoc
1553 3036 1614 3091 loco
1632 3035 1777 3092 disserunt.
1814 3041 1838 3092 6.
1858 3034 1923 3105 sip.
1941 3039 1957 3090 2
1963 3073 1972 3102 ,
1995 3051 2020 3090 ι.
2037 3039 2085 3090 2³:
2108 3033 2239 3090 Crescit

534 3124 660 3192 trinseee,
679 3128 706 3175 et
724 3121 788 3175 ideo
804 3138 947 3191 nunquam
959 3121 1057 3189 deleri,
1077 3121 1252 3198 1111111111
1264 3120 1364 3174 cetrin-
1390 3123 1503 3178 Duos
1526 3122 1662 3176 hominem
1685 3121 1716 3175 in
1741 3121 2019 3191 incorruptibilitate,
2042 3129 2069 3175 et
2091 3123 2134 3176 ud
2150 3122 2224 3177 imo·

533 3225 593 3262 rece
613 3208 789 3270 minuantur,-
806 3206 894 3261 aliam
909 3224 973 3262 nero
991 3223 1049 3260 esse
1064 3206 1214 3277 imaginem
1225 3206 1308 3261 DEI
1318 3207 1365 3261 bo·
1389 3210 1481 3279 pinem
1500 3209 1640 3279 propriae
1662 3207 1856 3262 simiiitudincii
1877 3207 1947 3274 fecit
1971 3207 2061 3264 iliam.
2094 3206 2224 3282 Rapsa

534 3294 605 3349 mini
619 3311 673 3364 per
689 3293 812 3363 qratiam
829 3301 855 3348 et
872 3294 1019 3349 1111111111
1027 3293 1211 3365 'impressam
1232 3293 1277 3348 bie
1294 3293 1366 3348 enim
1391 3296 1500 3354 demus:
1525 3294 1648 3367 loquitur
1672 3293 1784 3365 sapiens
1808 3293 1843 3350 de
1865 3292 1989 3360 homine,
2013 3294 2103 3367 qualis
2125 3312 2144 3351 a
2159 3297 2225 3355 Deo

536 3380 717 3452 qimlitatibas
731 3383 799 3435 *Deo
816 3381 922 3436 eimdes
942 3380 1094 3447 efficimur,
1113 3387 1140 3434 et
1161 3380 1230 3434 taec
1253 3380 1365 3434 omnino
1391 3386 1511 3457 primum
1528 3383 1669 3452 conditus,
1687 3399 1744 3438 non
1762 3385 1854 3438 autem
1877 3381 1967 3453 qualis
1984 3387 2049 3453 poet
2065 3382 2177 3456 lapsum
2195 3385 2226 3442 iii

536 3467 672 3535 amittitm
690 3483 746 3536 per
756 3474 916 3536 peccatam,
941 3471 969 3523 et
986 3467 1022 3522 de
1037 3466 1091 3521 hac
1108 3465 1283 3538 intelligendi
1300 3473 1366 3522 sunt
1390 3472 1524 3527 mundum
1547 3470 1682 3534 nascitur,
1704 3468 1828 3541 sequitur
1851 3467 1925 3524 enim
1942 3469 2118 3526 adremativa
2132 3488 2160 3528 ι.
2181 3478 2224 3530 et.

538 3554 671 3625 Origenes
683 3558 712 3610 et
722 3543 905 3625 Augustinus.
941 3552 1048 3620 Quibus
1065 3552 1138 3609 adde
1150 3553 1299 3623 Peresium,
1317 3553 1365 3625 qui
1391 3559 1506 3614 Invidia
1524 3556 1633 3611 diaboii
1647 3572 1723 3609 mors
1742 3554 1869 3609 introivit
1888 3555 1918 3609 in
1934 3558 2083 3624 mnndum
2105 3557 2226 3629 perinde

535 3641 607 3697 inter
629 3640 777 3712 imaginem
800 3646 828 3696 et
852 3639 1058 3695 similitudinem
1078 3657 1135 3695 non
1157 3640 1286 3712 agnoscit
1307 3640 1365 3696 tale
1391 3652 1423 3702 ut
1445 3643 1626 3718 ἀφθαρσίαν,
1650 3642 1691 3697 ita
1715 3658 1826 3714 quoque
1849 3640 1943 3698 stso'sn
1965 3644 2015 3697 τοῦ
2038 3647 2107 3698 θεοῦ
2130 3644 2226 3702 umidi

536 3726 697 3791 discrimen,
716 3726 799 3797 quale
816 3725 1000 3781 Bellarminus
1017 3724 1167 3781 constituit
1390 3731 1478 3788 homo
1515 3735 1582 3787 6.1
1601 3727 1663 3785 Cor.
1685 3733 1729 3797 11,
1746 3744 1772 3781 ι.
1793 3734 1823 3783 t:
1845 3728 1890 3782 cir
1913 3736 1953 3782 est
1970 3730 2064 3797 imopo
2084 3737 2110 3783 et
2125 3730 2225 3798 picria

409 3814 480 3906 11011·
572 3818 628 3868 136.
662 3812 877 3868 Monstrabimus
900 3811 1033 3881 breviter,
1060 3812 1127 3910 quid
1144 3811 1364 3883 respondendum
1391 3818 1478 3872 DEI.
1512 3815 1731 3915 Respondemus:
1752 3813 1845 3885 agitur
1861 3830 1918 3869 non
1935 3814 1971 3870 de
1978 3813 2126 3886 principali
2137 3832 2223 3873 mem·

409 3928 486 3958 scrin
409 3870 495 3966 miii,
535 3901 572 3955 sit
597 3899 634 3954 ad
660 3904 824 3969 argumenta
840 3913 948 3966 eorum,
974 3897 1022 3968 qui
1040 3897 1186 3970 imaginem
1202 3898 1258 3953 Dei
1275 3898 1366 3954 adhuc
1390 3904 1472 3961 bro
1464 3902 1593 3974 imaginis
1612 3902 1734 3970 dinnao,
1758 3899 1843 3973 quod
1851 3902 1961 3974 utrique
1979 3902 2057 3957 sexui
2075 3917 2223 3959 commune

409 3971 541 4111 ἷξῃῇζζῑ*
533 4005 563 4041 in
596 3984 707 4039 homine
741 3989 805 4054 post
835 3982 943 4054 lapsum
973 3983 1110 4055 integram
1141 4000 1200 4040 esse
1230 3991 1365 4055 pugnant
1390 3991 1458 4055 fuit,
1481 3990 1530 4045 sed
1554 3989 1588 4044 de
1612 3995 1723 4044 externo
1749 3988 1869 4087 quodam
1892 3992 2053 4043 ornamento
2079 4004 2114 4042 ac
2130 3989 2225 4045 minus

410 4073 491 4121 1111·
500 4075 558 4162 el1.
579 4070 712 4124 Omni'a
699 4089 729 4124 m
747 4070 851 4124 mando
868 4070 1054 4139 obtemperant
1070 4069 1183 4127 bomini.
1218 4072 1298 4138 Erpa
1320 4071 1366 4125 1ο-
1391 4075 1537 4150 prineipali
1554 4072 1660 4146 parte
1652 4074 1781 4147 imaginis
1795 4074 1912 4143 divinae,
1923 4073 2226 4146 videlicetdeimpcrii

410 4176 468 4215 ιιιιι
471 4122 522 4214 enni
535 4156 623 4210 mines
646 4156 740 4210 adine
756 4163 855 4224 penne
871 4154 962 4208 Dei
950 4155 1106 4223 imaginem.
1142 4155 1365 4226 Respondemus·
1392 4163 1535 4236 dignitate,
1552 4162 1633 4231 cujus
1650 4160 1785 4232 reliquiae
1803 4159 1893 4215 adhuc
1913 4166 2068 4230 supersunt
2088 4168 2112 4217 1.
2124 4161 2225 4217 Jacob

409 4226 509 4318 {2¹¹3
535 4241 695 4297 Dominium
710 4241 846 4296 illudnon
860 4240 1151 4312 estprincipalispars
1166 4241 1306 4297 divinae
1298 4259 1364 4298 ima-
1392 4254 1491 4317 3,ι9.
1511 4248 1610 4316 linquo
1627 4246 1812 4301 benedicimus
1830 4246 1993 4313 bominibus,
2010 4247 2224 4317 1111111111ιῖ1-

409 4332 504 4379 1111111
536 4329 618 4401 ginis,
637 4327 737 4401 quod
729 4345 819 4398 ipsum
837 4332 930 4382 tamen
948 4327 1098 4382 dominium
1119 4327 1203 4383 valde
1222 4344 1256 4384 ae
1273 4330 1366 4386 valide
1391 4336 1514 4390 tudinem
1547 4334 1629 4388 DEI
1653 4334 1734 4399 sacti.
1786 4332 2010 4430 Respondemus.
2042 4333 2141 4388 creati
2160 4341 2228 4390 sunt

536 4422 577 4472 111
594 4414 768 4470 diminutum.
786 4418 811 4469 2.
827 4411 897 4469 Gen.
919 4420 942 4481 5,
961 4430 987 4468 v.
1008 4418 1036 4468 1.
1055 4414 1150 4467 Adam
1166 4416 1261 4482 gennit
1271 4417 1366 4483 filium
1392 4437 1485 4476 omnes
1514 4421 1543 4474 in
1561 4420 1670 4475 Adamo
1695 4418 1732 4473 ad
1749 4417 1838 4474 Dei'
1830 4418 1992 4490 imaginem,
2020 4422 2203 4489 supersunt'
2195 4440 2227 4476 in

537 4503 578 4556 ad
587 4502 735 4578 imaginem
746 4517 834 4553 mam.
852 4501 931 4567 Erpo
943 4499 1036 4567 imopo
1048 4501 1131 4553 DEI
1141 4500 1171 4553 in
1183 4501 1244 4570 ipso
1256 4503 1366 4557 manmt.
1391 4506 1518 4563 omnibus
1535 4505 1668 4576 reliquiae
1684 4504 1764 4559 istius
1783 4503 1892 4560 divinae
1909 4504 2046 4577 imaginis,
2058 4510 2086 4560 et
2097 4504 2227 4562 Christus

536 4587 744 4657 Respondemus
756 4601 806 4655 per
820 4584 1009 4653 inversionem,
1027 4584 1191 4657 quiaAdam
1200 4604 1257 4642 non
1266 4588 1303 4643 ad
1311 4589 1366 4660 pri·
1391 4594 1468 4649 venit
1492 4593 1522 4647 in
1548 4592 1694 4660 mundum,
1718 4597 1750 4646 ut
1776 4590 1910 4646 beneficio
1933 4590 2086 4662 spiritualis
2108 4610 2226 4665 regene-

535 4689 660 4728 maevam
671 4672 748 4727 illam
757 4671 825 4740 Dei,
844 4671 892 4727 sed
904 4676 1033 4727 notanter
1044 4672 1080 4727 ad
1093 4689 1171 4727 suain
1184 4678 1367 4743 peccatocor·
1392 4680 1506 4735 rationis
1528 4696 1622 4734 omnes
1638 4678 1675 4732 ad
1692 4676 1839 4748 imaginem
1857 4676 1923 4732 DEI
1941 4685 2094 4735 renovaret.
2129 4680 2229 4746 Quid?
2256 4666 2260 4680 ¹

536 4765 648 4829 ruptam
665 4758 814 4830 imaginem
831 4757 933 4812 dicitur
950 4758 1021 4812 filios
1039 4760 1175 4830 genuisse,
1193 4760 1289 4831 utique
1302 4776 1367 4832 ergo
1393 4766 1467 4838 quod
1486 4759 1548 4820 'hoc
1574 4765 1636 4819 loco
1665 4769 1815 4833 usurpatur
1840 4781 1893 4819 vox
1923 4763 2080 4834 ὁμοιώσεως
2114 4766 2230 4835 (simili-

537 4845 629 4916 imago
657 4844 711 4899 Dei
739 4844 768 4899 in
796 4844 856 4915 ipso
886 4843 1014 4915 perierat.
1054 4843 1139 4916 lingo
1168 4863 1251 4917 super
1277 4846 1304 4902 is
1335 4848 1367 4901 l.:
1392 4851 1520 4919 tudinis),
1554 4866 1616 4904 cuin
1645 4854 1738 4904 tamen
1766 4848 1839 4903 inter
1867 4850 2017 4922 imaginem
2046 4856 2074 4906 et
2098 4850 2230 4908 similitu·

539 4932 618 4987 sina
637 4932 732 4986 Adam
749 4932 851 4999 sactus
872 4931 932 4997 fait
955 4948 974 4983 o
993 4932 1078 4985 DEO
1101 4932 1244 4988 innocente
1267 4941 1294 4988 et
1317 4934 1365 4988 im·
1393 4938 1486 4993 dinem
1512 4934 1580 4992 DEI
1611 4934 1666 4991 tale
1693 4933 1841 4989 discrimen
1870 4937 2068 5006 constituatur,
2097 4943 2130 4991 nt
2156 4936 2231 4995 haec

537 5018 1027 5086 mortctiinnocensoeimmortalis,
1045 5019 1137 5088 idest,
1149 5020 1367 5090 qainonposset
1392 5024 1505 5092 amissa,
1534 5021 1583 5076 illa
1606 5038 1670 5077 vcro
1697 5028 1835 5091 superstes
1858 5022 1992 5079 mansisse
2017 5040 2034 5077 a
2055 5022 2230 5080 Bellarmino

538 5106 623 5167 mori,
647 5105 688 5157 ita
714 5103 775 5174 ipse
793 5104 895 5171 factus
917 5112 1053 5174 peccator
1077 5113 1103 5160 et
1126 5106 1253 5159 mortalis
1273 5107 1367 5175 pennit
1392 5114 1538 5165 maci-atur.

535 5198 711 5258 peccatorem
736 5198 761 5242 et
785 5189 937 5244 mortalem.
980 5188 1057 5258 Quae
1080 5191 1218 5247 sententia
1239 5192 1368 5263 congruit
1429 5201 1485 5251 131.
1523 5193 1639 5249 Constat
1657 5192 1743 5264 igitur
1759 5193 1826 5250 satis
1847 5193 1992 5292 perspicue
2011 5213 2044 5252 ex
2058 5194 2260 5296 ‘Scripturaefl

538 5294 600 5331 cuin
629 5276 683 5332 illis
710 5276 805 5330 dictis:
837 5276 892 5337 Qui
913 5277 990 5330 111111
1014 5280 1147 5331 mandam
1170 5282 1206 5331 (te
1224 5280 1366 5333 immundo
1393 5287 1422 5337 et
1449 5279 1633 5350 experientiae
1658 5280 1828 5345 testimonio,
1857 5280 2007 5378 imaginem
2037 5282 2162 5337 uniam
2187 5285 2229 5339 ita
2241 5309 2260 5349 ι,

538 5372 696 5433 conceptum
720 5363 843 5417 seminet
865 5364 976 5416 Ecce
964 5382 994 5416 sn
1012 5364 1204 5434 iniquitatibus
1222 5368 1401 5434 conceptas
1393 5386 1422 5422 in
1448 5366 1565 5438 posteris
1584 5364 1665 5419 Adae
1690 5365 1816 5465 periisse,
1843 5372 1875 5421 ut
1899 5366 1944 5421 rix
1969 5373 2066 5423 tenues
2087 5370 2260 5454 quaedam
2241 5361 2260 5400 ‘¹

537 5453 619 5504 sami
653 5450 735 5512 1111οᾶ
757 5457 852 5503 uatum
873 5457 915 5502 est
934 5452 969 5504 de
987 5467 1083 5519 conse,
1107 5468 1175 5503 caro
1194 5459 1251 5518 est,
1274 5468 1366 5505 sumtu
1393 5453 1540 5526 reliquiae,
1562 5469 1665 5524 cacque
1688 5452 1767 5524 ipsae
1782 5469 1832 5523 per
1850 5458 1995 5523 peccatum
2013 5453 2180 5511 obscuratae
2200 5462 2260 5513 etl·

537 5535 707 5606 natarafilii
717 5536 800 5589 irae.¹
812 5541 863 5589 etc
891 5541 915 5590 3.
929 5534 998 5591 (lien.
1014 5541 1039 5604 9,
1050 5553 1075 5589 ι.
1088 5540 1117 5590 6:
1129 5537 1192 5590 ideo
1203 5538 1367 5606 prohibetur
1392 5540 1578 5596 labefactatae
1596 5538 1652 5593 sint
1663 5538 1830 5610 superstites,
1849 5556 1918 5609 quas
1936 5539 1999 5595 ideo
2013 5539 2111 5595 Deus
2101 5559 2133 5596 in
2146 5525 2260 5598 nobis''
2239 5571 2260 5610 ι.

537 5623 656 5677 bominis
671 5622 796 5696 sanquis
818 5623 937 5690 effundi,
964 5623 1032 5692 qnia
1052 5623 1127 5674 aa·
1114 5624 1263 5691 sniaqinem
1287 5642 1366 5678 suom
1392 5627 1480 5681 voluit
1501 5642 1562 5681 esse
1584 5625 1716 5697 reliques,
1742 5630 1763 5679 1.
1781 5629 1814 5678 ut
1835 5630 1927 5680 essent
1945 5625 2103 5682 testimonia
2123 5629 2160 5684 de
2177 5628 2260 5685 iia-⁸¹
2240 5671 2260 5711 ,

538 5712 616 5763 Deae
638 5686 775 5760 torninem
785 5708 877 5775 fecit,
900 5709 992 5778 atique
1012 5726 1078 5777 erqo
1097 5708 1222 5762 adbuc'
1209 5727 1240 5762 :n
1258 5709 1367 5765 lemniae
1392 5719 1469 5768 turae
1490 5719 1609 5778 nostiae,
1629 5712 1718 5783 qualis
1739 5709 1831 5765 aDeo
1849 5711 1962 5766 condita
1979 5712 2045 5766 oliin
2063 5711 2126 5782 tuit,
2146 5731 2226 5786 prae·

538 5792 654 5847 DEI
641 5810 734 5860 :mopo
756 5801 925 5862 pacaverat.
961 5794 1180 5864 Respondemus:
1211 5794 1282 5850 ratio
1309 5796 1365 5870 legi
1391 5797 1502 5867 stantia,
1518 5799 1596 5855 velut
1611 5798 1713 5853 rudera
1730 5813 1763 5851 ac
1784 5796 1891 5866 ἐρείπια
1909 5796 2074 5853 desediiicii
2088 5799 2229 5872 dignitate

537 5879 635 5935 addita
649 5884 706 5936 tam
722 5878 759 5933 ad
776 5876 1072 5950 interfectoremquam
1082 5879 1259 5949 interiectum
1269 5882 1365 5940 reterri
1391 5889 1535 5941 testantur.
1578 5889 1602 5939 1.
1627 5882 1668 5940 Ut
1692 5899 1727 5939 ex
1752 5881 1808 5937 illis
1832 5882 2050 5940 misericordiam
2075 5884 2133 5941 Dei
2157 5903 2229 5960 erga
