5017 6675
941 607 993 665 Dll
1009 603 1177 668 manet
1196 602 1265 661 11121
1282 603 1326 665 lli
1343 603 1502 669 notium.
2015 617 2074 679 121
2098 678 2103 692 Ι

382 761 507 833 menta
529 761 658 834 proxime
679 760 734 818 fnit
757 761 890 833 mortale,
914 767 947 818 ut
969 761 1130 818 docebimus
1148 761 1220 819 inira
1248 763 1350 818 munia.
1391 764 1497 821 Eodem
1520 766 1601 822 modo
1625 765 1841 838 interpretantur
1862 767 1975 847 glossa
1973 764 2077 824 interli-

382 847 506 920 plcnins3
525 865 583 905 non
601 847 679 918 illud,
698 847 765 922 quia
782 801 996 906 immoriulitatis
1014 848 1220 922 gratiabomini
1245 849 1336 904 neoris
1342 849 1459 923 ,glossa
1476 851 1628 920 ordinaris,
1646 852 1841 922 Cassiodorus,
1860 853 1989 924 12222222
2006 857 2058 910 etc.

383 940 424 989 est
440 934 555 1004 221122,
572 936 630 991 ut
622 951 684 1008 ipse
700 935 860 992 Bellarnuin.
879 935 995 1008 probst3
1014 935 1142 1002 nonbcc,
1155 935 1221 1008 quia
1281 940 1322 993 34.
1357 935 1467 994 Tertius
1482 939 1570 1009 locus,
1590 956 1673 1012 quem
1691 939 1822 996 Bellarm.
1841 939 1935 1010 affert,
1958 933 2148 1030 1222122122*σω
2122 937 2204 1029 ¹³¹3*

382 1037 482 1093 corpus
509 1021 619 1078 animae
637 1021 706 1078 sd
698 1021 848 1095 imaginem
875 1028 904 1078 et
925 1022 1135 1079 similitudinem
1153 1022 1220 1078 DEI
1244 1021 1292 1077 Ps
1310 1028 1396 1094 4122.
1370 1030 1464 1081 2212
1498 1027 1598 1095 Honso,
1616 1045 1679 1082 crin
1696 1027 1726 1080 s'n
1742 1027 1847 1082 bonore
1865 1034 1949 1091 22222,
1963 1044 2019 1083 non
2034 1027 2077 1081 in·
2088 989 2141 1081 2202
2126 999 2179 1082 ”iis

382 1106 512 1165 conditae
536 1107 592 1164 tuit
614 1107 798 1164 manualiter
814 1109 932 1165 unitum.
967 1108 1219 1181 2112123222,
1244 1108 1368 1178 1211222212
1389 1119 1568 1183 cwsparatus
1586 1120 1625 1167 eet
1636 1113 1775 1182 jumentis
1791 1113 1994 1183 insipientibus.
2025 1113 2079 1169 Ubi
2089 1093 2177 1189 2¹²?

381 1211 407 1250 2.
423 1198 468 1250 23.
487 1192 598 1264 dicitur,
618 1194 757 1250 bominem
774 1196 917 1250 conditum
935 1211 995 1249 esse
1014 1195 1045 1250 12
1062 1193 1220 1268 ἀφθαρσίᾳ,
1246 1194 1347 1250 iterum
1370 1199 1447 1253 dana
1460 1199 1557 1268 primo
1577 1199 1684 1255 bamini
1703 1198 1811 1254 22112112
1828 1207 1963 1253 vocamur
1981 1199 2077 1254 bonor

382 1281 433 1336 sed
453 1297 510 1351 per
530 1289 676 1351 peecatum
701 1299 777 1338 mors
802 1291 828 1336 et
850 1283 1045 1337 mortalitas
1031 1301 1063 1336 sn
1086 1284 1220 1336 mundum
1245 1281 1327 1351 Erpa
1348 1284 1466 1346 fuerunt
1492 1285 1613 1356 aliquod
1631 1287 1819 1341 sutrinsecurn.
1854 1284 2078 1356 Respondemus.

381 1366 621 1446 intrem-Bona
641 1375 671 1438 5,
689 1385 714 1424 2,
734 1374 774 1437 12,
794 1369 868 1442 quod
886 1368 910 1424 si
927 1367 1106 1424 mninseeum
1124 1367 1219 1423 mortis
1247 1374 1269 1423 1.
1287 1367 1416 1425 Psalmus
1434 1370 1479 1426 bic
1498 1389 1554 1427 non
1567 1371 1627 1443 agit
1643 1372 1679 1427 de
1695 1378 1770 1428 statu
1785 1371 1866 1442 primi
1883 1370 2001 1427 hominis
2013 1376 2079 1428 ante

381 1451 551 1525 principium
577 1452 678 1509 fuisset
703 1453 731 1509 iu
755 1454 865 1510 Adamo
887 1459 952 1510 ante
974 1454 1097 1525 lapsum,
1122 1453 1220 1526 utique
1244 1454 1370 1526 lapsum,
1391 1456 1441 1512 sed
1459 1457 1494 1513 de
1513 1463 1588 1513 statu
1606 1463 1634 1514 et
1651 1458 1808 1513 conditione
1825 1457 1942 1528 bominis
1959 1462 2022 1527 post
2038 1456 2078 1513 la·

381 1538 507 1594 mamlis
524 1556 576 1610 per
592 1555 637 1610 sc,
655 1539 706 1597 sed
722 1557 772 1612 per
788 1540 917 1596 accidens
934 1545 1042 1596 tantum
1059 1539 1219 1596 immortalis
1244 1557 1334 1609 psum
1353 1558 1470 1613 quorum
1486 1543 1614 1616 plerique
1629 1544 1744 1600 terronis
1762 1542 1839 1599 affixi
1856 1549 1886 1598 et
1901 1542 1999 1597 salutis
2010 1559 2078 1600 snae

381 1624 500 1693 2222222,
524 1625 585 1696 jam
609 1642 675 1682 vero
698 1625 827 1682 conditus
850 1632 893 1683 est
918 1625 955 1681 ad
978 1624 1128 1698 imaginem
1144 1625 1219 1695 DEI,
1244 1625 1355 1699 prodigi
1371 1627 1474 1684 divitiis
1486 1629 1649 1702 colligendis
1662 1630 1776 1699 inhiant,
1794 1635 1826 1685 ut
1836 1628 1957 1684 ostendit
1969 1628 2078 1700 integer

381 1711 463 1782 cnjus
483 1727 551 1783 pars
575 1718 619 1768 est
640 1711 841 1767 immortalitas.
877 1716 901 1767 3.
928 1710 1104 1768 Describitur
1124 1710 1154 1767 in
1176 1711 1219 1766 bis
1244 1717 1398 1770 contextus.
1421 1713 1661 1771 Hebraeaveritas
1679 1715 1805 1772 2222222212
1821 1714 1904 1786 hujus
1922 1714 1963 1770 sic
1979 1713 2077 1770 habet:

381 1795 473 1852 verbis
491 1811 584 1868 poena
598 1797 722 1869 2222222,
739 1812 796 1852 non
809 1813 876 1868 ergo
893 1803 1010 1869 possunt
1027 1796 1101 1852 trabi
1117 1797 1154 1852 ad
1171 1812 1219 1851 na·
1246 1798 1305 1854 Sed
1325 1801 1407 1855 tonso
1423 1800 1454 1854 in
1472 1801 1608 1869 2122221212
1626 1802 1887 1872 nonpermanebit,
1911 1800 2076 1865 2221212222-

381 1881 502 1937 turalem
519 1882 660 1954 quandam
677 1882 796 1939 hominis
814 1882 1025 1955 proprietatem,
1050 1899 1123 1955 quae
1138 1883 1169 1938 in
1186 1899 1219 1939 eo
1244 1892 1304 1938 ctus
1325 1893 1365 1940 set
1384 1886 1490 1956 1221222,
1515 1904 1587 1957 quaa
1607 1888 1760 1957 intercinat,
1786 1887 1893 1956 idest,
1914 1902 2077 1958 2222222222

380 2054 490 2113 ratione
515 2061 590 2111 terra
612 2072 658 2126 es,
684 2057 735 2112 sed
758 2057 795 2112 ed
820 2056 1052 2112 immortalitatem
1075 2056 1218 2126 conditus3
1243 2073 1329 2128 seque
1350 2056 1381 2113 in
1401 2057 1504 2114 honore
1525 2075 1632 2130 semper
1647 2057 1720 2115 iore:
1747 2060 1796 2115 sed
1813 2060 1898 2130 paulo
1916 2065 1980 2131 post
1995 2058 2075 2115 mise·

381 2141 448 2213 qnia
471 2158 539 2198 vero
562 2159 612 2213 per
634 2142 753 2198 abusum
776 2142 859 2198 liberi
881 2141 989 2197 arbitrii
1006 2142 1043 2197 sd
1061 2147 1174 2198 22222222
1189 2148 1218 2198 te
1243 2142 1369 2198 rabiliter
1394 2143 1553 2200 interibunt
1572 2150 1601 2200 et
1622 2145 1774 2201 bestiarum
1797 2162 1872 2201 more
1899 2145 2074 2218 perimentur.

380 2225 557 2295 wurertisti,
586 2226 656 2284 haec
681 2228 734 2284 erit
750 2244 840 2300 poena
862 2234 927 2298 tua,
953 2228 1032 2284 utin
1049 2233 1152 2283 terram
1168 2245 1219 2299 per
1244 2228 1377 2285 Novimus
1388 2229 1577 2303 Augustinum
1591 2238 1620 2287 et
1629 2232 1830 2307 Hieronymum
1846 2232 1987 2303 applicare
2000 2228 2075 2287 bunc

379 2319 499 2369 mortem
523 2313 678 2368 revertaris.
713 2314 789 2386 Mors
813 2320 842 2370 et
865 2313 1020 2369 mortalitas
1044 2331 1135 2386 poena
1155 2322 1219 2369 sunt
1243 2315 1408 2375 versiculum
1426 2317 1588 2388 adlapsam
1606 2318 1689 2389 primi
1705 2317 1837 2378 hominist
1861 2317 1912 2373 sed
1930 2322 2075 2397 contextus

380 2399 506 2471 peccati,
530 2416 586 2455 non
600 2416 666 2473 ergo
684 2406 814 2470 22222222,
840 2400 931 2473 qualis
949 2400 1084 2456 1221222222
1102 2400 1218 2471 lapsum,
1243 2406 1272 2457 et
1294 2401 1416 2459 Hebraei
1442 2402 1533 2460 fontes
1555 2404 1718 2473 ostendunt,
1743 2403 1792 2476 agi
1813 2403 1859 2460 bie
1884 2403 1928 2462 de⁴
1941 2403 2075 2458 caecitate

382 2484 509 2540 debitum
524 2485 674 2556 quoddam.
710 2487 790 2542 Haec
810 2487 902 2542 omnia
920 2502 954 2542 22
972 2485 1099 2559 sequenti
1118 2486 1217 2541 dbser·
1242 2486 1401 2558 impiorum,
1434 2490 1483 2561 qui
1508 2494 1625 2545 mortem
1651 2497 1680 2546 et
1704 2489 1787 2546 finem
1810 2508 1865 2546 non
1890 2489 2073 2545 considerant.

380 2569 487 2627 adone
505 2571 541 2626 dc
558 2571 765 2629 immortalitate
784 2574 926 2645 primaeva
944 2578 1027 2629 eruut
1044 2572 1168 2628 clariora
1243 2577 1267 2627 2.
1293 2572 1349 2629 Sed
1372 2575 1396 2630 si
1418 2575 1463 2631 221
1485 2576 1604 2632 maxime
1625 2576 1811 2641 2222222222,
1837 2577 1873 2631 de
1896 2581 1971 2632 statu
1993 2573 2074 2646 primi

1213 2658 1361 2715 bominis
1378 2660 1424 2717 ct
1416 2679 1446 2716 m
1462 2660 1516 2716 boc
1533 2662 1585 2717 et'
1577 2679 1606 2716 m
1619 2661 1753 2734 superiori
1745 2660 1896 2717 vaticinio
1909 2660 2073 2732 Spiritums.

311 2747 363 2791 M
415 2748 456 2800 33.
495 2743 623 2800 Secundo
640 2744 701 2802 loco
719 2745 801 2803 affert
818 2745 1003 2801 Bellarminus
1021 2751 1215 2818 argumentum
1241 2761 1334 2816 22222,
1354 2751 1448 2802 tamen
1465 2747 1543 2803 nulls
1560 2746 1755 2820 consequentia
1767 2763 1805 2802 22
1824 2747 1879 2801 21122
1898 2747 1994 2819 colligi
2012 2752 2073 2818 pot

381 2830 536 2886 22.Ρ22122
555 2834 585 2902 3,
605 2850 631 2889 2.
651 2838 681 2888 6.
712 2833 788 2896 Quid
805 2840 846 2887 est
864 2833 954 2899 122222,
972 2834 1049 2901 quod
1064 2849 1169 2888 memor
1187 2850 1216 2886 es
1241 2831 1307 2900 erit,
1332 2832 1481 2906 imaginem
1497 2833 1607 2888 DElin
1624 2833 1735 2888 homine
1751 2831 1838 2889 122222
1853 2832 1960 2904 aliquid
1978 2849 2072 2904 super-

309 2853 460 2988 msjsm
480 2925 531 2972 aut
547 2918 624 2982 filius
641 2920 774 2984 22222222,
794 2920 927 2989 quoniam
943 2920 1041 2973 2222122
1058 2921 1140 2974 aemi
1164 2921 1213 2973 mi·
1240 2919 1369 2975 naturrale
1387 2926 1415 2976 22
1432 2920 1640 2976 extrinsecum
1632 2938 1662 2974 1n
1678 2918 1797 2974 bomine.
1833 2918 1960 2975 Cadaver
1975 2936 2071 2976 conse·
2142 2919 2144 2922 ’

381 3004 469 3058 muti
485 3020 548 3058 2222
563 3005 655 3074 paula
673 3006 763 3059 212222
781 3006 817 3059 ab
835 3006 952 3074 anpelis,
969 3005 1065 3074 pluria
1076 3014 1101 3060 et
1112 3007 1216 3062 lanan
1240 3005 1370 3075 quentiae
1387 3012 1438 3075 eat,
1454 3005 1707 3078 quandoBellarm.
1727 3005 1768 3060 ita
1785 3003 1940 3060 concludit:
1956 3005 2072 3062 Primus

381 3091 525 3145 coronasti⁸
536 3105 614 3144 eum:
634 3108 667 3146 22
682 3108 737 3162 quo
753 3091 794 3147 sic
806 3091 961 3148 concludit:
980 3092 1131 3146 1221222122
1146 3095 1214 3146 ‹luo-
1240 3092 1321 3146 122222
1346 3092 1405 3156 fuit
1430 3093 1513 3146 212222
1536 3091 1800 3162 uspematurals'bue
1824 3099 1949 3148 ornatum
1991 3094 2086 3161 Erpa>

379 3174 428 3229 bus
453 3176 549 3230 2222122
570 3177 708 3231 bominem
724 3177 821 3245 juisse
846 3178 930 3231 212222
956 3179 1215 3247 supernaturalibus
1240 3179 1333 3247 imupo
1357 3185 1383 3232 et
1403 3178 1560 3234 22222111αά2
1579 3179 1638 3233 Dei
1645 3217 1654 3247 ,
1680 3180 1722 3232 221
1745 3195 1829 3247 psam
1850 3177 1930 3231 torno
1954 3187 2071 3249 orantus,

380 3270 527 3318 2122212222
562 3267 585 3316 1.
612 3263 685 3325 Quia
706 3263 828 3317 miratur
840 3264 981 3334 propbeta
999 3263 1137 3318 luminans
1151 3267 1215 3330 fere
1233 3266 1298 3333 fuit
1316 3265 1534 3335 supernaturale
1553 3266 1671 3321 21222222
1699 3263 1858 3335 proceditur
1875 3279 1893 3318 a
1908 3280 1964 3319 nou
1981 3263 2073 3320 dismi-

379 3350 490 3419 aspelis
507 3359 663 3420 aequatum.
693 3350 770 3413 Quid
785 3360 825 3406 est
843 3353 933 3420 loma,
953 3350 1055 3424 inquit,
1070 3354 1147 3421 quod
1160 3370 1214 3407 me·
1240 3352 1309 3407 buto
1331 3352 1368 3407 ad
1391 3352 1581 3421 distributum,
1609 3367 1628 3406 2
1650 3349 1813 3423 particulari
1835 3349 1872 3405 ad
1895 3351 2070 3421 particulare.

379 3454 438 3492 scor
456 3453 486 3491 ss
503 3437 579 3506 ejus,
604 3437 688 3506 quasi
705 3438 800 3491 2122222
817 3439 913 3493 2211212
933 3440 1035 3493 nehem
1051 3454 1110 3493 esee
1128 3439 1214 3493 lomi·
1241 3444 1265 3494 3.
1285 3438 1382 3494 Honor
1406 3444 1435 3493 et
1453 3438 1543 3510 gloria
1565 3454 1620 3494 nou
1645 3436 1836 3509 acciperentur
1853 3434 1881 3492 b.
1898 3436 1916 3492 l
1934 3452 1986 3507 pro
2002 3437 2072 3492 rela-

378 3540 440 3578 sess
457 3531 567 3578 natura
583 3541 636 3578 suu
654 3532 851 3595 2222221222,
870 3526 1031 3591 mutem,
1049 3516 1215 3581 2222221222
1239 3524 1322 3595 tione,
1340 3525 1390 3583 scd
1402 3541 1453 3597 pro
1470 3524 1658 3594 fundamento,
1671 3522 1690 3577 i.
1704 3538 1727 3577 a
1740 3538 1791 3593 pro
1805 3520 1885 3575 donis
1897 3521 2071 3578 naturalibus

378 3619 552 3664 2221222222
572 3610 717 3680 affectibus
743 3611 903 3678 2122222222,
935 3614 977 3666 ud
1002 3628 1064 3666 eam
1091 3613 1214 3680 pluriam
1239 3612 1329 3682 primo
1351 3610 1455 3666 bomini
1478 3608 1628 3673 concessis,
1662 3607 1752 3680 gloria
1772 3605 1924 3663 ethonore
1942 3606 2070 3679 dignissi-

378 3704 513 3765 2222122222,
552 3703 584 3749 ut
607 3714 715 3767 parum
745 3698 857 3752 omnino
888 3699 924 3753 ab
955 3700 1063 3767 anpalis
1090 3700 1213 3753 21222212
1240 3696 1301 3755 mis.
1346 3696 1522 3753 Praestantia
1543 3700 1661 3750 naturae
1682 3694 1711 3748 in
1733 3692 1842 3748 2222222
1864 3694 2017 3748 secundum
2038 3711 2070 3749 se

377 3782 493 3836 Deinde
513 3784 637 3853 22222121,
664 3785 742 3854 quod
760 3784 908 3839 2122222112
921 3784 1016 3854 primo
1034 3785 1140 3839 11222222
1157 3785 1214 3838 col·
1239 3782 1414 3839 considerata
1431 3779 1617 3837 estnsturalis
1635 3782 1694 3851 ejus
1712 3779 1874 3851 proprietas,
1892 3779 1990 3834 eadem
2006 3796 2071 3835 cum

347 3879 350 3883 ’
377 3868 438 3924 lata
454 3876 538 3923 222221
554 3868 692 3938 pamm,
714 3886 786 3939 2222
802 3870 863 3923 sine
880 3870 965 3924 dubio
983 3870 1097 3941 aliquid
1113 3872 1213 3925 221222-
1240 3868 1355 3926 caeteris
1365 3866 1551 3923 animantibus
1559 3866 1661 3922 2211222
1667 3865 1754 3922 122222
1762 3864 1967 3936 etgloriahaud
1976 3865 2070 3923 imme·

377 3971 468 4010 2222222
494 3964 521 4009 21
543 3956 759 4025 superadditum
788 3956 936 4024 sipsificat.
988 3955 1213 4027 Respondemus:
1238 3956 1292 4012 rito
1300 3954 1410 4010 dicitur.
1430 3952 1544 4018 Quoties
1553 3951 1630 4008 DEO
1640 3950 1938 4024 gloriametbonorem
1946 3952 2071 4026 assignat

376 4040 506 4096 Psalmus
523 4047 637 4097 octavus
661 4041 772 4113 proprie
789 4046 818 4096 et
834 4041 864 4096 in
881 4058 964 4097 sensa
980 4041 1081 4097 literali
1099 4043 1160 4115 agit
1178 4043 1213 4099 de
1238 4040 1389 4112 Scriptura,
1406 4057 1472 4094 num
1488 4039 1538 4095 illa
1556 4039 1739 4095 extrinsecum
1757 4038 1826 4110 quid
1838 4038 1869 4092 in
1880 4037 1958 4095 DEO
1972 4039 2069 4096 notat?

376 4125 488 4183 cbristo
503 4128 585 4198 juxta
595 4126 772 4183 infallibilem
783 4127 937 4199 Spiritnss.
955 4129 1211 4200 interpretationem
1238 4125 1349 4183 minime
1367 4142 1442 4195 vero,
1460 4125 1510 4181 sed
1521 4125 1589 4180 DEI
1607 4125 1697 4196 gloria
1715 4131 1758 4182 est
1777 4131 1891 4183 aeterna
1908 4125 1997 4197 ipsius
2012 4142 2069 4182 ma·

379 4218 401 4270 2.
417 4213 481 4270 Cor.
503 4219 579 4278 15,v
580 4220 647 4271 2,1.
669 4213 740 4286 pr.
757 4221 779 4285 1,
798 4231 825 4270 2,
846 4219 885 4271 12.
906 4213 992 4271 Hebr.
1005 4219 1029 4280 2,
1042 4220 1106 4273 2,1)
1134 4216 1213 4283 Quae
1233 4212 1490 4285 jestasetintorna
1506 4210 1646 4281 perfectio

377 4302 412 4357 de
431 4299 871 4357 Christosecundoilloddamo
890 4300 1055 4370 dictasunt,
1074 4302 1212 4373 quomodo
1273 4304 1314 4356 36.
1349 4298 1471 4365 Quartus
1487 4297 1565 4353 locus
1582 4296 1701 4353 habetur
1716 4296 1823 4354 Euclea.
1844 4303 1892 4367 11,
1910 4315 1937 4355 2.
1959 4300 2068 4354 12232
2080 4304 2202 4347 1.2222,ι2

376 4388 413 4443 ad
429 4387 551 4460 primurn
568 4388 709 4443 Admuum
728 4386 863 4458 applicari
880 4386 1016 4458 ponunt?
1042 4387 1137 4443 Verba
1153 4388 1211 4455 illu,
1237 4388 1318 4441 Deras
1335 4385 1594 4440 2222221122222221
1612 4386 1648 4439 ele
1666 4357 2176 4453 12222,2122222212222222·”,.’,“,ῗ,2,

376 4476 505 4530 2222222212
523 4492 584 4530 eum
597 4476 690 4547 paulo
708 4476 800 4530 minus
818 4474 981 4544 abanpelis,
997 4472 1211 4545 reiencpistola
1235 4473 1312 4527 stioit
1339 4472 1421 4528 illam
1447 4472 1556 4526 2221212.
1603 4471 1716 4526 creatio
1736 4468 1837 4545 [inquit
1859 4468 1999 4545 Β2112222]
2025 4486 2095 4550 re·¹¹
2080 4460 2110 4499 '¹⁰
2111 4460 2154 4550 {2¹¹

376 4562 614 4619 adflebsssossd
626 4578 762 4618 summum
773 4562 892 4634 22221222
902 4560 1094 4617 exinanitionis
1101 4559 1212 4628 Christi,
1228 4561 1331 4627 fertur
1347 4560 1390 4613 221
1411 4567 1555 4622 naturam,
1576 4558 1769 4612 indumentum
1790 4558 1901 4612 22212122
1925 4560 1967 4612 ad
1991 4520 2132 4613 2121221Ιιαιη

376 4648 424 4722 qui
446 4665 512 4704 cum
535 4649 572 4703 sit
595 4647 758 4721 angelorum
781 4649 924 4714 dominus,
952 4647 992 4703 eis
1016 4646 1107 4703 iactus
1124 4647 1162 4702 sit
1181 4647 1211 4701 in
1234 4645 1436 4716 superaddita,
1459 4652 1500 4699 eet
1516 4651 1609 4698 2221222
1626 4644 1818 4701 indumentum
1834 4644 1950 4714 aliquid
1967 4644 2068 4698 221222-

377 4735 474 4792 diebus
497 4735 589 4791 carnis
614 4751 681 4791 snae
700 4735 827 4802 inferior,
852 4751 1006 4809 quaecum
1023 4733 1155 4792 Bellarm.
1174 4733 1211 4788 ad
1235 4749 1329 4787 seeum
1356 4738 1384 4785 21
1409 4730 1633 4800 22222ωά21122.
1674 4730 1895 4802 Respondemus:
1923 4736 1947 4787 1.
1972 4728 2068 4784 Eccle-

375 4839 513 4878 summum
532 4821 676 4894 diguitatis
701 4828 731 4877 22
752 4822 857 4894 gloriae
880 4822 999 4894 22221222
1017 4820 1153 4892 applicet,
1175 4837 1212 4875 an
1237 4818 1367 4874 22222222·
1383 4834 1440 4873 non
1456 4822 1499 4873 est
1516 4817 1548 4872 in
1567 4833 1688 4887 2222222,
1714 4835 1747 4873 22
1764 4818 1880 4891 proinde
1898 4818 1936 4873 ad
1954 4815 2067 4887 dogma·

375 4908 585 4965 mamanifeste
595 4907 711 4981 Spiritui
723 4927 745 4964 s.
762 4908 946 4965 conbadicit?
965 4907 1110 4979 sequentia
1127 4905 1212 4963 222122
1235 4911 1297 4961 tum
1317 4902 1551 4961 confirmationem
1570 4922 1627 4959 non
1644 4904 1753 4961 sufficit.
1789 4904 1955 4961 2.(1222222
1976 4909 2068 4958 textus

374 4994 489 5065 Psalmi,
507 4996 603 5064 pluria
626 5005 653 5051 et
671 4997 777 5050 122222
793 4995 936 5050 coronasti
948 5011 1019 5062 cuns,
1037 4993 1132 5047 omnia
1149 4995 1212 5047 sud-
1236 4993 1278 5047 sic
1294 4991 1393 5048 babet:
1411 4988 1473 5045 καθ’
1488 4988 1588 5052 eisaie
1604 4991 1735 5047 12132222
1753 4985 2065 5062 αὐιούςίσχύικαὶκαπ·

368 5083 471 5155 jecisti
485 5083 537 5137 sub
550 5084 672 5153 pedibus
684 5083 760 5152 ejus,
779 5100 797 5138 a
814 5082 841 5138 d.
853 5080 978 5153 apostolo
990 5095 1023 5142 eo
1034 5079 1117 5136 modo
1128 5079 1212 5152 22212-
1237 5077 1330 5134 stairo
1349 5077 1434 5133 uisci
1451 5079 1580 5146 1222212222
1599 5076 1710 5148 αὐτούς,
1736 5078 1830 5132 induit
1847 5094 1893 5131 coe
1909 5077 2010 5131 2221212
2026 5093 2068 5131 aa·

313 5172 359 5219 11.
373 5174 482 5238 2222222,
500 5173 533 5223 22
549 5170 618 5224 22111
637 5175 833 5241 praeterquam
850 5168 902 5224 soli
914 5167 1024 5223 Christo
1039 5167 1212 5232 conveniant,
1237 5167 1360 5221 cundum
1379 5182 1409 5220 se
1424 5165 1517 5235 ipsos,
1543 5173 1626 5235 atque
1643 5167 1685 5219 ud
1701 5165 1849 5263 imapinenu
1865 5164 1912 5217 sui
1927 5180 1973 5218 eos
1990 5180 2068 5218 usa·

343 5294 346 5298 -
373 5256 442 5330 quis
457 5254 596 5311 unuinem
614 5257 650 5312 ab
670 5255 750 5310 hoc
741 5256 858 5327 imperio
875 5254 1005 5311 eximium
1023 5252 1116 5322 babet,
1133 5270 1212 5324 prae·
1237 5254 1295 5318 oit‚·
1322 5269 1356 5308 22
1374 5268 1429 5323 quo
1448 5250 1619 5323 colligimus,
1644 5250 1768 5305 bomines
1786 5267 1819 5306 eo
1836 5250 1911 5322 ipso,
1935 5250 2036 5323 quod
2027 5268 2068 5306 m·

371 5348 418 5401 ter
441 5343 532 5399 solnm
549 5342 673 5411 DEUM,
702 5342 752 5413 qui
774 5342 800 5397 ei
817 5341 938 5412 subjecit
955 5340 1055 5396 omnia
1089 5339 1210 5412 August.
1238 5339 1288 5395 dui
1302 5338 1406 5394 virtute
1424 5337 1563 5406 dicuntur,
1582 5337 1645 5392 ad'
1636 5338 1784 5436 imaginem
1803 5338 1857 5394 Dei
1876 5355 1936 5394 osse
1953 5345 2069 5409 creatos,

371 5435 440 5487 torn
457 5436 482 5486 3
501 5428 531 5482 in
548 5445 636 5483 enarr.
653 5428 736 5499 bajus
754 5426 872 5482 Psalmis
901 5429 949 5481 De
966 5426 1077 5481 Obn‘sto
1089 5404 1260 5495 propteri
1238 5440 1335 5497 sicque
1351 5424 1444 5496 imago
1460 5424 1516 5479 Dei
1536 5440 1591 5479 non
1609 5422 1686 5478 erit
1678 5440 1707 5478 m
1723 5423 1787 5495 ipsa
1803 5424 1913 5480 animae
1932 5424 2070 5483 humanae

370 5516 464 5599 222222
486 5516 676 5586 infimitatem
693 5515 789 5568 earnis
813 5521 839 5567 et
857 5513 1003 5613 passionis
1028 5512 1210 5566 122212121222
1237 5511 1366 5575 essentia,
1384 5511 1481 5566 sedin
1493 5510 1596 5565 virtute
1609 5510 1812 5579 constituenda,
1831 5512 1906 5583 quod
1918 5519 1961 5568 est
1972 5518 2069 5568 contra

371 5611 448 5658 recte
465 5603 579 5671 dicitur,
601 5602 729 5656 minuisti
746 5619 806 5656 2222
819 5600 910 5672 paulo
928 5600 1019 5655 minus
1038 5600 1074 5653 ab
1093 5599 1213 5669 angelis,
1237 5597 1444 5655 Bellarminum.
1469 5603 1493 5654 3,
1508 5596 1896 5669 manuquemdmodum
1888 5616 1980 5672 imago
1991 5599 2068 5669 Dlll,

371 5691 426 5745 sed
442 5690 564 5744 additur
581 5689 635 5743 illa
653 5689 835 5760 clarificatio,
858 5705 915 5758 qua
935 5702 1082 5755 resurgens
1103 5687 1135 5741 in
1151 5704 1212 5742 coe·
1238 5687 1377 5757 adquam
1394 5684 1476 5740 bomo
1495 5689 1538 5739 est
1555 5687 1680 5752 creatus,
1702 5701 1759 5740 uon
1781 5684 2068 5762 122212122222122222-

341 5781 345 5787 ’
370 5776 431 5832 tum
449 5776 587 5842 2222222121,
605 5776 699 5845 pluria
719 5776 860 5832 21122222
876 5774 1019 5831 coronasti
1029 5788 1099 5838 eure,
1118 5776 1212 5829 omnia
1236 5790 1304 5829 num
1322 5770 1547 5844 superadditum,
1566 5768 1615 5826 sed
1632 5768 1796 5828 intrinsecus
1816 5779 1932 5828 naturae
1950 5772 2067 5827 bominis'

345 5863 518 5934 ‘subjecisti
533 5863 585 5917 221
599 5861 722 5932 pedibus
740 5864 817 5934 aius,
837 5862 911 5917 22121
928 5860 1042 5931 sucipit,
1060 5861 1210 5916 uindicet
1237 5861 1329 5930 212222,
1346 5859 1509 5930 itaquoqua
1525 5855 1636 5913 22222222
1650 5856 1881 5931 illaaccipienda,
1898 5858 1973 5931 qnod
1985 5859 2068 5915 etism
