5017 6675
474 671 545 735 202-
723 711 726 716 .
1171 662 1296 722 locus
1312 661 1484 723 Duellius

409 871 414 880 .
475 818 588 876 vonum
612 837 678 893 ergo
702 828 758 885 est,
781 820 857 892 quud
879 819 1067 877 Belluminus
1082 823 1170 892 negat
1188 818 1309 874 describi
1332 820 1569 890 perseuerantiam
1592 827 1698 873 teatrum
1716 819 1746 875 im
1763 820 1985 889 santificatione
2004 827 2031 874 et
2054 836 2176 890 reputem

474 905 521 960 hic
545 923 593 960 cor
617 908 790 978 inquinatum
815 907 951 977 peccetis,
975 906 1025 962 sed
1050 911 1159 962 tuntum
1177 904 1309 960 callidum
1332 905 1445 975 pieriae
1470 907 1538 958 laec
1564 905 1661 960 oratio
1685 906 1831 976 respiciat,
1861 914 1887 959 et
1913 908 1954 959 aa
1973 905 2103 971 infideles
2122 906 2175 959 lsoc

475 1009 509 1048 sc
537 992 652 1050 difficile
676 999 707 1048 ut
732 999 897 1064 penetretur.
933 992 1023 1065 Atqui
1045 993 1096 1048 ills
1118 992 1257 1048 calliditas
1272 991 1309 1046 sd
1331 993 1450 1062 proprie
1474 999 1592 1062 spectet,
1619 993 1696 1060 quod
1719 992 1887 1046 volumtatem
1909 993 1968 1045 Dei
1988 991 2103 1060 impleri
2123 1008 2174 1062 ps-

475 1079 579 1134 molum
601 1097 634 1135 ao
652 1080 766 1134 duritim
783 1079 833 1134 ills
851 1079 942 1136 cordis
960 1096 998 1135 sn
1016 1097 1072 1137 non
1089 1085 1155 1133 sunt
1170 1095 1234 1133 vere
1247 1095 1310 1149 prs·
1335 1079 1434 1131 timus.-
1457 1087 1538 1148 urpet
1562 1079 1645 1132 etiam
1669 1078 1736 1148 loc,
1761 1079 1840 1149 quod
1863 1076 1991 1132 Christus
2010 1076 2110 1132 unuh.
2130 1082 2175 1145 211,

475 1165 548 1220 vitus
565 1171 594 1220 et
609 1165 774 1236 peccatum?
805 1172 829 1222 2.
849 1167 931 1232 dicit,
950 1167 1125 1236 pronitatem
1146 1167 1188 1219 ad
1204 1165 1310 1218 malum
1330 1165 1400 1234 fleri
1415 1166 1585 1219 voluntalem
1601 1165 1663 1218 Dei
1675 1172 1766 1234 petat.
1801 1163 2028 1234 Respondemus:
2049 1162 2171 1229 Quicun-

475 1251 521 1304 lic
539 1253 622 1305 cordi
638 1259 746 1304 tautum
764 1252 861 1320 milui,
885 1269 956 1322 quae
978 1251 1097 1321 proprie
1119 1269 1175 1305 roa
1193 1251 1230 1304 sit
1242 1267 1309 1319 pec·
1335 1268 1390 1323 que
1412 1250 1453 1305 its
1474 1251 1547 1321 petit
1567 1268 1668 1306 nomen
1690 1249 1747 1305 Dei
1768 1249 1950 1320 sanctificari,
1975 1266 2092 1329 regnum
2117 1249 2173 1306 Dei

477 1346 577 1392 cotum.
610 1337 835 1408 Respondemusr
855 1337 996 1409 profunde
1011 1337 1060 1391 ills
1079 1337 1169 1392 cordis
1186 1334 1310 1406 pravitas
1335 1336 1466 1392 advenire
1489 1343 1520 1391 et
1544 1336 1714 1391 voluntatem
1734 1336 1788 1391 Dei
1806 1335 1927 1406 impleri,
1954 1341 1988 1390 ut
2013 1335 2098 1391 simul
2126 1336 2174 1392 de·

477 1428 505 1478 et
521 1440 608 1494 prone
624 1424 662 1478 sd
681 1424 786 1479 mulum
803 1424 945 1480 inclinatio
963 1423 1100 1495 quomodo
1113 1441 1169 1478 non
1181 1421 1234 1476 erit
1246 1437 1310 1492 pec·
1336 1422 1395 1477 bitu
1412 1439 1464 1477 sus
1480 1421 1533 1477 sibi
1552 1421 1653 1477 dimitti
1671 1429 1756 1492 petet,
1774 1421 1797 1476 is
1815 1439 1847 1478 eo
1865 1421 1926 1492 ipso
1942 1420 2054 1490 fstetrrr,
2072 1438 2102 1477 sc
2116 1437 2174 1476 non

476 1516 584 1578 cutum,
616 1526 679 1564 cum
703 1510 740 1565 sit
765 1511 844 1580 qussi
869 1528 962 1566 semen
980 1515 1158 1580 pcccatorum
1178 1508 1309 1574 omnium,
1336 1509 1418 1579 plene
1442 1515 1470 1564 et
1493 1527 1526 1563 ex
1549 1508 1623 1563 omni
1644 1514 1725 1578 perte
1743 1508 1798 1563 Dei
1818 1524 1919 1564 nomen
1942 1507 2118 1564 sanctificare
2144 1514 2175 1562 et

477 1611 549 1666 quse
572 1595 665 1650 omnis
687 1597 813 1665 potentis
832 1597 861 1651 in
880 1614 911 1652 sc
925 1594 1135 1667 complectitur?
1165 1594 1309 1650 rivulive
1336 1595 1507 1649 voluntatem
1530 1593 1617 1664 ipsius
1639 1594 1763 1664 implere.
1798 1594 1888 1664 Atqui
1914 1610 2010 1649 omues
2026 1594 2116 1649 renuti
2133 1594 2175 1649 its

476 1680 571 1734 nsueti
599 1681 634 1736 ds
659 1697 765 1738 veneno
787 1682 873 1738 fontis
891 1689 1035 1737 testentur.
1071 1686 1094 1736 3.
1113 1680 1243 1752 Denique
1260 1680 1309 1734 sd·
1337 1687 1418 1735 orant
1441 1679 1497 1734 Dei
1519 1696 1620 1734 nomen
1643 1678 1810 1735 sanctfficsri
1835 1688 1887 1735 etc.
1928 1679 2043 1750 Allsgst
2067 1680 2175 1735 Bellsr·

476 1763 531 1834 dit,
553 1766 633 1836 loqui
652 1768 821 1836 proplietam
844 1769 881 1822 do
904 1768 1012 1838 imp-iis,
1037 1785 1155 1837 quorum
1178 1784 1227 1820 cor
1245 1782 1310 1819 oere
1336 1767 1426 1821 minus
1456 1763 1591 1838 Cypriani
1623 1766 1836 1836 expositionem,
1870 1782 1932 1821 eam
1969 1782 2035 1837 ergo
2065 1765 2173 1823 rurist.

471 1868 593 1921 pravum
620 1861 646 1906 et
670 1854 854 1922 immundum,
877 1872 938 1907 arm
961 1861 1059 1908 contra
1084 1856 1119 1906 de
1139 1854 1247 1906 remotis
1267 1850 1310 1905 cii·
1337 1855 1461 1907 Petimus
1485 1861 1510 1906 ct
1531 1870 1678 1921 ropamus,
1699 1850 1749 1924 [uit
1767 1851 1921 1922 Cyprianus
1939 1853 1969 1906 in
1990 1867 2081 1923 expos.
2101 1860 2171 1906 oret.

475 1945 570 2007 catur,
597 1941 674 2009 quod
695 1941 752 1993 siml
774 1942 875 1994 muudi
891 1942 976 1994 corde
996 1939 1096 1995 Matth.
1114 1946 1139 1995 5.
1158 1940 1235 2007 quad
1248 1940 1310 2008 fide
1336 1936 1455 2012 Domin.]
1472 1947 1502 1993 ut
1515 1938 1565 2008 aui
1581 1939 1610 1991 ia
1628 1939 1766 2008 baptismo
1782 1938 1952 2008 sanctificati
1962 1956 2066 2004 sumus,
2085 1939 2116 1991 ia
2130 1956 2173 2007 so,

476 2025 565 2078 corda
590 2025 716 2094 ipsomm
739 2027 894 2095 purificata
911 2025 1006 2081 Actor.
1029 2031 1067 2080 15.
1097 2032 1124 2078 et
1149 2026 1214 2089 fiais
1239 2025 1311 2094 lepis
1336 2029 1488 2095 prodesse
1507 2026 1664 2095 coepimus,
1688 2041 1908 2095 perseveremus,
1930 2032 1958 2078 et
1975 2025 2027 2078 isac
2045 2025 2173 2093 quotidie

478 2110 582 2163 dicium
607 2112 715 2167 caritas
739 2116 774 2166 dc
798 2115 884 2166 corde
907 2131 984 2182 poro
1013 2111 1171 2168 1.‘1imoth.
1194 2117 1215 2166 1.
1257 2110 1310 2166 Re·
1336 2115 1530 2181 deprecamur.
1591 2111 1669 2180 Opus
1702 2118 1743 2164 est
1779 2111 1852 2164 emim
1887 2110 1967 2164 notu
2003 2110 2175 2178 quotidiana

478 2196 660 2266 spondemus:
693 2205 837 2254 contextus
866 2197 1044 2270 propheticae
1067 2198 1206 2253 concionis
1224 2197 1311 2252 msni·
1336 2198 1556 2268 sanctificatione
1575 2196 1833 2267 [bocBellsrminus
1851 2196 1961 2267 omisit],
1979 2204 2020 2265 ut,
2039 2197 2088 2265 cui
2106 2216 2174 2266 quo-

476 2281 548 2336 feste
584 2285 723 2352 ostendit,
758 2302 813 2338 non
832 2292 940 2340 tantum
975 2285 1010 2340 de
1045 2284 1191 2340 manifeste
1225 2284 1311 2340 scele·
1336 2285 1405 2338 tidie
1443 2285 1647 2353 delinquimus,
1684 2283 1789 2337 delicta
1823 2291 1922 2336 mostra
1951 2282 2173 2348 sanctificatione

477 2370 544 2424 rutis
574 2375 602 2425 et
630 2370 795 2442 profligatae
826 2372 975 2441 impietatis
1005 2372 1176 2439 hominibus,
1204 2371 1312 2444 sedin
1336 2370 1455 2424 assidua
1474 2387 1665 2439 repurgemus.
1702 2369 1738 2422 Et
1755 2375 1864 2439 postea:
1885 2367 2026 2423 Continuo
2044 2369 2174 2424 motione

477 2471 579 2528 genere
609 2456 644 2509 de
669 2457 796 2510 omnibus
826 2457 989 2527 prophetem
1018 2457 1109 2527 loqui3
1140 2476 1165 2513 r.
1190 2465 1215 2514 5.
1235 2455 1311 2524 dicit,
1337 2464 1362 2510 et
1381 2473 1468 2526 prece
1492 2473 1563 2525 opus
1591 2464 1645 2525 est,
1670 2472 1704 2508 ae
1728 2455 1890 2508 excidamus
1914 2471 2032 2523 erepmo
2051 2454 2173 2521 coelesti,

477 2542 645 2596 maledictus
684 2543 734 2611 qui
763 2545 877 2607 confidit
906 2545 936 2596 io
959 2543 1081 2612 homine,
1116 2561 1142 2596 v.
1169 2550 1197 2597 7:
1235 2544 1311 2595 berre·
1336 2544 1408 2595 sicut
1427 2544 1549 2610 Judaei,
1573 2543 1671 2611 quibus
1694 2543 1746 2595 loc
1766 2541 1937 2610 promissum
1955 2541 2040 2609 prius
2064 2541 2173 2610 fuerat,

478 2631 571 2683 dictus
597 2630 647 2697 qui
671 2630 787 2693 confidit
814 2632 843 2683 im
867 2630 1006 2698 Domino,
1034 2648 1059 2682 r.
1085 2639 1109 2686 s.
1135 2636 1221 2685 et10.
1245 2628 1311 2682 sub·
1337 2630 1499 2683 ecciderunt
1518 2636 1568 2683 etc.
1605 2629 1761 2696 Essemus,
1785 2628 1977 2693 olfaciamus
1996 2628 2074 2695 quod
2092 2629 2252 2680 Derisus!

474 2715 538 2786 jicit
560 2722 617 2769 tum
642 2732 758 2785 pravum
783 2722 811 2769 st
832 2716 1013 2772 inscrutabile
1036 2733 1096 2771 esse
1121 2733 1169 2771 cor
1185 2714 1311 2778 hominis,
1338 2717 1414 2782 rult;
1441 2715 1509 2783 quia
1536 2715 1615 2768 uobis
1639 2732 1657 2767 a
1677 2715 1793 2768 diabolo
1817 2714 1974 2783 otsirtdur,
2002 2731 2056 2782 quo
2080 2712 2173 2767 mimus

478 2811 511 2856 ut
534 2818 589 2857 non
612 2802 680 2856 velit
704 2802 807 2870 videri,
834 2803 915 2872 qussi
936 2803 997 2858 Deo
1024 2820 1079 2858 non
1103 2802 1236 2871 confidat,
1262 2802 1311 2855 sed
1333 2819 1390 2871 per
1407 2802 1501 2857 omnia
1517 2809 1612 2855 moster
1630 2803 1740 2854 animus
1757 2807 1841 2869 atque
1859 2807 1938 2853 octus
1957 2800 2021 2854 Deo
2040 2801 2174 2868 obsequia·

478 2887 570 2944 Deum
601 2888 719 2942 scrutari
748 2906 796 2943 cor
822 2896 850 2943 et
877 2906 956 2944 renes
984 2890 1115 2960 probare,
1144 2888 1211 2959 quin
1237 2894 1266 2943 et
1282 2904 1311 2941 se
1338 2895 1402 2957 tur,-
1425 2906 1539 2942 oramus
1562 2897 1589 2941 et
1607 2888 1741 2957 petimrss,
1766 2895 1796 2939 ut
1814 2889 1870 2955 fiat
1893 2886 1923 2939 io
1946 2886 2025 2939 mobis
2043 2886 2173 2940 volumtas

477 2975 568 3046 ipsum
592 2973 656 3028 huic
685 2973 863 3044 descriptioni
886 2974 1017 3044 includit,
1044 2994 1069 3030 ι.
1092 2982 1136 3031 ll:
1164 2993 1235 3029 sarra
1260 2991 1311 3042 me,
1337 2975 1410 3042 Dei,
1428 2993 1500 3044 quae
1517 2981 1547 3026 ut
1564 2977 1616 3040 siat
1634 2975 1663 3027 im
1680 2974 1775 3041 acles,
1797 2990 1867 3042 opus
1887 2979 1926 3026 est
1944 2972 2006 3025 Dei
2020 2973 2175 3041 uoluntate,

477 3061 609 3127 Domine,
626 3068 651 3113 et
671 3060 807 3127 ιιιιιαόοι,
825 3061 934 3114 saluum
953 3078 995 3115 me
1013 3064 1079 3130 fac,
1099 3070 1126 3115 et
1141 3062 1236 3119 saluus
1253 3078 1311 3115 ero.
1337 3062 1355 3113 i.
1373 3078 1396 3117 e.
1414 3078 1465 3130 ope
1484 3063 1545 3129 ejus
1565 3069 1590 3113 et
1604 3061 1788 3129 protectione,
1805 3059 1873 3128 quia
1891 3057 1969 3112 mimo
1986 3058 2045 3112 suis
2064 3057 2173 3115 viribus

476 3146 652 3202 Describitur
670 3145 755 3216 igitur
765 3161 812 3200 cor
826 3145 986 3210 humanum,
1006 3148 1089 3218 qusls
1100 3149 1137 3202 sit
1148 3165 1199 3202 sus
1210 3153 1311 3201 nutura
1330 3148 1422 3214 fortis
1450 3154 1504 3212 est,
1534 3149 1586 3200 secl
1613 3147 1695 3200 DEI
1719 3146 1898 3214 iadrdpemtia
1923 3152 1950 3197 et
1974 3144 2174 3199 misericordia

476 3251 510 3289 sx
534 3231 595 3302 ipss
618 3231 737 3302 origine,
766 3232 810 3286 vel
828 3232 990 3303 priusquam
1008 3250 1057 3303 per
1078 3232 1211 3303 Spiritum
1232 3250 1310 3305 rege·
1337 3241 1410 3286 tutus
1443 3241 1491 3286 est.
1538 3231 1576 3285 Et
1610 3239 1718 3301 postea:
1748 3232 1830 3285 Fieri
1854 3231 1977 3300 petimus
2002 3230 2173 3285 voluntatem

477 3325 588 3374 neretur
613 3325 641 3373 et
667 3317 826 3382 mundetur,
857 3319 902 3375 rel
926 3319 975 3374 ubi
999 3320 1100 3375 smisso
1125 3319 1231 3389 Spiritu
1257 3319 1311 3375 sibi
1338 3318 1427 3385 DEI,
1451 3327 1482 3373 ut
1499 3319 1529 3373 ιἰι
1548 3319 1626 3374 coelo
1645 3327 1671 3372 ct
1689 3327 1775 3387 terra,
1794 3320 2031 3387 prioratumque
2050 3319 2092 3371 ad
2110 3335 2172 3373 cors·

475 3393 648 3478 relinquitur,
666 3405 711 3460 vel
728 3403 752 3458 si
772 3421 823 3474 per
841 3421 872 3461 se
886 3411 964 3461 extre
973 3406 1178 3461 renovationem
1191 3406 1310 3477 Spiritus
1335 3407 1544 3460 summationem
1560 3413 1672 3460 rostrae
1694 3406 1847 3459 voluntatis
1865 3405 1991 3475 pertinet
2013 3413 2040 3458 et
2059 3405 2171 3460 salcetis

476 3491 504 3546 in
532 3491 599 3561 ipsis
629 3490 732 3545 renatis
756 3490 953 3547 consideretur.
997 3492 1130 3558 Quemvis
1153 3493 1226 3547 enim
1254 3493 1309 3549 fide
1336 3495 1412 3547 Nam
1435 3510 1498 3545 cum
1516 3509 1618 3560 corpus
1645 3499 1755 3544 eterra
1775 3498 1800 3544 et
1820 3491 1959 3559 Spiritum
1972 3491 2172 3560 possideamus

476 3577 656 3650 purificentur
676 3584 833 3632 renatorum
851 3580 945 3646 sorde,
962 3578 1015 3633 hoc
1034 3585 1084 3642 est,
1104 3579 1229 3649 quumvis
1248 3596 1309 3650 per·
1337 3597 1351 3632 e
1375 3579 1466 3647 coelo,
1487 3579 1545 3647 ipsi
1566 3588 1645 3632 terra
1668 3586 1694 3631 et
1720 3578 1827 3632 coelum
1844 3594 1937 3630 sumus
1955 3585 1981 3631 et
1999 3576 2029 3630 ιἰι
2045 3586 2172 3647 strepere,

476 3663 550 3719 fecte
566 3663 715 3718 mundities
733 3662 835 3719 Christi
853 3680 903 3733 per
920 3663 1004 3719 fidem
1021 3664 1123 3719 renatis
1143 3665 1310 3735 imputetur3
1336 3667 1356 3721 i.
1375 3684 1397 3721 e.
1415 3682 1532 3734 corpore
1544 3671 1569 3718 et
1582 3664 1703 3733 Spiritu,
1719 3671 1750 3716 ut
1761 3664 1820 3716 Dei
1830 3664 1959 3717 voluutas
1971 3664 2031 3729 fiat,
2049 3681 2171 3717 oramus.

476 3749 601 3821 quumvis
628 3750 711 3804 etiam
735 3748 854 3819 Spiritus
884 3758 997 3804 sanctus
1025 3768 1075 3820 per
1104 3752 1310 3806 renovationem
1336 3754 1391 3806 Est
1418 3752 1491 3804 enim
1517 3754 1589 3803 inter
1616 3767 1729 3803 carmem
1757 3757 1784 3803 et
1808 3749 1939 3818 spiritum
1960 3748 2123 3803 colluctatio
2145 3757 2172 3804 et

476 3836 561 3890 corde
579 3841 738 3889 renstorum
757 3833 896 3904 purificet,
919 3835 1032 3890 mundet
1051 3852 1084 3888 sc
1100 3841 1195 3905 senet,
1218 3842 1311 3891 tumen
1337 3838 1566 3892 discordantibus
1587 3838 1722 3889 ιιάιιιιιιιι
1739 3854 1769 3889 sc
1786 3836 1902 3890 invicem
1920 3836 2088 3904 quotidiana
2108 3853 2172 3890 cou-

475 3921 525 3976 ills
542 3920 699 3987 renovatio,
722 3920 771 3974 ills
788 3919 943 3989 purificatio
960 3938 993 3976 sc
1010 3922 1117 3976 sanatio
1134 3923 1163 3976 in
1183 3921 1235 3977 huc
1252 3922 1310 3975 vite
1336 3923 1457 3993 pressio,
1474 3930 1505 3976 ut
1521 3941 1591 3986 rom,
1613 3938 1683 3991 auae
1701 3922 1836 3984 uolumus,
1854 3923 1919 3990 ipsa
1932 3922 2086 3990 faciamus,
2104 3924 2172 3976 dum

476 4024 619 4077 nunquam
647 4007 688 4060 itu
716 4005 841 4077 perfecte
872 4012 928 4070 est,
959 4015 990 4062 ut
1016 4025 1072 4062 non
1097 4013 1223 4070 oporteat
1248 4025 1309 4063 eam
1339 4009 1462 4077 Spiritus
1479 4008 1611 4063 coelestia
1632 4015 1657 4060 ct
1675 4008 1772 4060 diviua
1791 4007 1909 4076 quaerit,
1926 4023 1994 4061 earo
2013 4015 2129 4062 terrena
2147 4017 2172 4063 et

478 4092 601 4162 quotidie
616 4092 712 4163 sugeri
725 4096 808 4163 utque
823 4091 930 4162 perfici;
942 4092 1007 4147 inde
1020 4100 1069 4160 cst,
1081 4094 1155 4163 quod
1165 4094 1310 4165 discipulis
1335 4095 1479 4149 sesmaria
1499 4092 1676 4163 concupiscit,
1695 4102 1721 4146 et
1740 4094 1804 4147 ideo
1814 4093 1935 4162 potimus
1948 4094 2079 4163 impense,
2098 4096 2172 4150 ister

476 4178 577 4234 Christi
605 4176 664 4251 [qui
685 4178 782 4248 utique
806 4183 886 4232 erunt
908 4195 959 4247 per
976 4179 1109 4249 Spiritum
1130 4199 1152 4233 s.
1170 4181 1259 4236 renuti
1276 4198 1310 4236 sc
1337 4183 1393 4235 cluo
1416 4180 1472 4233 ista
1504 4196 1555 4248 ope
1589 4187 1614 4233 et
1640 4178 1748 4233 auxilio
1776 4180 1858 4232 DEI
1888 4180 2069 4235 concordium
2092 4182 2171 4252 fieri,

478 4262 613 4338 renovati]
638 4263 771 4319 tribuitur
786 4264 877 4319 adhuc
896 4265 1033 4336 quaedum
1051 4263 1179 4335 πώρωσις
1196 4268 1311 4341 καρδίας
1336 4275 1381 4336 ut,
1405 4269 1472 4320 dum
1495 4274 1522 4318 et
1548 4264 1659 4333 spiriru
1680 4273 1708 4318 et
1730 4282 1815 4318 carne
1833 4266 1960 4319 volumtas
1976 4266 2037 4320 Dei
2053 4269 2173 4337 peritur,

449 4365 454 4369 ·
476 4351 563 4407 Marc.
586 4357 633 4419 16,
650 4368 677 4406 v.
699 4356 737 4406 14.
757 4355 785 4405 et
802 4352 917 4422 βραδεῖα
942 4352 992 4404 τοῦ
1017 4349 1157 4405 ιιισιεύιιν
1180 4351 1248 4406 Luc.
1268 4358 1310 4421 21,
1337 4371 1408 4422 quae
1422 4370 1476 4421 per
1494 4369 1555 4405 cum
1570 4359 1676 4405 tentata
1693 4359 1741 4414 est,
1757 4352 1998 4409 animaremur,
2031 4354 2172 4423 Denique,

422 4456 428 4471 ι
476 4455 502 4491 v.
521 4443 561 4492 25.
582 4443 610 4491 et
629 4437 658 4489 in
676 4453 778 4506 genere
789 4453 882 4491 omnes
894 4436 992 4500 renuti,
1010 4437 1135 4508 quumvis
1147 4438 1203 4492 siut
1215 4440 1310 4492 mundi
1337 4457 1420 4507 quam
1441 4455 1564 4504 neccsse,
1588 4455 1673 4505 quam
1692 4438 1878 4505 prouidenter
1903 4445 1929 4491 et
1947 4437 2101 4492 salubriter
2119 4442 2171 4493 od·

475 4539 509 4577 sc
527 4522 629 4588 suncti,
658 4528 752 4576 tamur
767 4521 901 4591 jubentur
919 4540 949 4576 ss
966 4524 1103 4575 mandare
1121 4524 1158 4576 ab
1175 4524 1253 4577 ommi
1271 4526 1311 4577 ιἰι-
1337 4542 1490 4590 monemur,
1508 4525 1585 4592 quod
1599 4531 1762 4592 peccatores
1783 4541 1890 4591 ειιιιιιιι,
1909 4524 1960 4591 qui
1971 4542 2028 4592 pro
2042 4525 2172 4592 peccatis

476 4610 652 4679 quiaamerrlo
675 4608 772 4660 caruis
794 4616 820 4659 et
840 4607 965 4676 Sporum
984 4626 1020 4661 ac
1032 4611 1171 4677 perficere
1189 4596 1312 4675 iaoctifiss
1338 4629 1440 4681 reparo
1461 4609 1669 4679 compellimur,
1691 4617 1735 4675 ut,
1760 4611 1826 4662 dum
1852 4609 2029 4676 imdulpeatia
2052 4612 2088 4664 de
2106 4613 2172 4665 Deo

475 4697 622 4751 sotionem,
659 4698 683 4748 2.
707 4692 770 4746 Cor.
799 4696 824 4756 l,
844 4710 870 4747 r.
892 4699 915 4748 1.
938 4699 1004 4749 sunt
1025 4699 1054 4749 et
1071 4693 1202 4750 dicuntur
1219 4695 1310 4767 azymi
1333 4699 1448 4767 petitur,
1468 4696 1734 4750 correcieatiossuoe
1747 4696 1857 4749 arsimus
1870 4698 2042 4760 recordetur,
2061 4698 2171 4767 meua

476 4799 510 4837 sc
522 4779 701 4836 nihilominus
706 4780 844 4848 jubentur
857 4796 1014 4848 superpors
1032 4789 1110 4833 octus
1126 4783 1294 4845 fermentum
1301 4804 1311 4849 ,·
1336 4786 1391 4838 sibi
1416 4784 1497 4853 quasi
1525 4783 1656 4836 innocens
1680 4782 1796 4850 placeat
1824 4790 1899 4835 etse
1923 4782 2080 4837 emoliendo
2100 4784 2172 4852 plus

478 4875 501 4924 1.
514 4868 575 4923 Cor.
596 4875 620 4935 5,
639 4884 663 4921 r.
682 4873 706 4920 1.
725 4871 789 4919 sunt
801 4882 851 4936 per
865 4863 998 4935 Spiritum
1009 4865 1063 4920 Dei
1075 4869 1205 4932 renovati,
1223 4869 1311 4925 nihilo
1333 4878 1445 4940 percat,
1463 4869 1612 4922 instruitur
1630 4875 1655 4920 et
1676 4869 1791 4922 docetur
1803 4884 1925 4936 peceare
1944 4869 2085 4937 quotidie,
2103 4872 2171 4925 dum

476 4961 570 5008 mmen
600 4952 691 5007 minus
712 4952 849 5021 jubentur
870 4956 904 5003 'se
927 4968 1063 5005 remorare
1087 4955 1189 5022 spiritu
1212 4957 1311 5009 montis
1337 4955 1459 5024 quotidie
1482 4973 1536 5023 pro
1556 4954 1682 5022 peccatis
1699 4954 1815 5021 jubetur
1840 4973 1931 5010 orare.
1958 4954 2054 5014 ,Haec
2077 4956 2171 5013 omnis

476 5039 597 5109 Ephe,
622 5055 647 5092 v.
669 5043 709 5093 23.
730 5046 755 5091 et
775 5038 894 5091 iuduere
912 5054 1012 5090 nouum
1031 5036 1180 5106 homimem,
1203 5041 1254 5108 qui
1269 5058 1309 5095 se·
1336 5041 1501 5112 Cyprianus,
1520 5056 1591 5110 quse
1609 5039 1643 5093 D.
1657 5039 1774 5094 Lutheri
1790 5047 1984 5110 argumentum
1999 5058 2031 5096 ex
2046 5042 2171 5099 orations

480 5126 602 5177 mumdum
623 5126 716 5177 Deum
736 5132 846 5176 creature
865 5140 890 5175 v
911 5127 952 5176 24.
1335 5125 1483 5182 Dominice
1500 5125 1650 5179 deductum
1667 5124 1783 5180 mirifice
1800 5125 1988 5196 comprobent.
2023 5125 2172 5200 conjunge

348 5215 461 5257 untho·
512 5216 552 5263 55
589 5208 684 5263 Oratio
707 5207 855 5262 Dominicu
879 5206 1021 5262 concludit
1046 5224 1141 5262 omnes
1163 5210 1216 5265 sub
1244 5227 1308 5280 pse·
1335 5210 1546 5283 pulcherrimum
1576 5210 1774 5281 expositionem
1794 5210 1957 5281 Hieronymi
1974 5212 2170 5280 Sevsnsrolue,

348 5268 443 5359 iiiii„
475 5298 548 5349 osto.
584 5293 636 5357 Qui
656 5294 728 5347 enirn
740 5292 988 5363 petitnomenDei
1001 5294 1175 5362 sanctificari,
1191 5312 1309 5366 regnum
1336 5312 1419 5368 quarn
1437 5294 1466 5350 iu
1483 5296 1554 5351 huno
1576 5295 1751 5351 Dominicsm
1769 5298 1920 5353 orationem
1937 5298 2055 5395 scripsit.

348 5370 435 5463 2⁸⁰¹²⁸
474 5379 529 5435 Dei
547 5378 677 5433 advenire
701 5385 729 5432 et
747 5380 918 5433 voluntatem
936 5378 988 5433 Dei
1007 5378 1160 5448 impleri,
1152 5398 1175 5435 rs
1197 5396 1230 5434 eo
1248 5380 1309 5450 ipso
1370 5388 1411 5436 56.
1447 5388 1471 5435 5.
1508 5381 1632 5437 Christus
1649 5381 1746 5439 Mutth
1767 5389 1806 5437 13.
1830 5388 1859 5437 et
1880 5383 1948 5440 Luc,
1974 5390 2012 5439 10.
2036 5384 2065 5437 in
2088 5402 2172 5456 pors-
2185 5396 2243 5435 uos

475 5465 591 5527 fatetur,
617 5480 646 5517 se
677 5463 799 5518 nondum
822 5464 904 5533 plene
928 5463 1021 5520 facere
1047 5464 1101 5519 Dei
1127 5467 1307 5530 voluntatem,
1335 5468 1405 5523 bolis
1432 5468 1567 5536 ostendit,
1593 5486 1647 5523 non
1673 5468 1803 5522 continuo
1828 5467 1940 5523 liberari
1967 5469 2107 5525 hominem
2134 5447 2224 5527 ubvu
2187 5504 2252 5539 ω...

475 5568 576 5608 nomen
588 5548 642 5603 Dei
660 5549 776 5603 sdbuc'
768 5568 798 5603 ιιι
815 5566 846 5604 se
863 5568 896 5604 ex
908 5557 988 5619 purte
999 5550 1095 5620 pollui,
1114 5557 1141 5605 et
1155 5569 1184 5605 se
1196 5560 1309 5623 propter
1335 5554 1409 5608 omni
1427 5561 1559 5624 peccato,
1579 5555 1627 5610 sed
1646 5555 1789 5626 paulatim,
1807 5571 1841 5611 sc
1857 5572 1907 5625 per
1924 5555 1977 5611 hoc
1996 5573 2105 5627 semper
2122 5557 2169 5613 sli-
2185 5556 2210 5589 ¹⁸¹
2197 5562 2250 5598 ‘¹¹¹'

477 5642 622 5708 peccatum
641 5651 674 5688 ex
692 5642 771 5704 parts
789 5652 898 5688 servum
916 5635 1186 5691 diubolieonfitetur.
1217 5638 1308 5707 Argu·
1335 5640 1401 5710 quid
1430 5640 1537 5711 peccati
1567 5641 1745 5712 purgandum
1770 5658 1920 5697 remanere.
1965 5642 2078 5713 Excipit
2104 5602 2229 5699 Bel·¹⁸2¹

474 5728 598 5779 mentum
625 5721 725 5776 estD.
751 5720 898 5775 Luthsri
890 5738 920 5776 m
944 5729 1041 5782 essert.
1069 5729 1119 5778 art.
1145 5728 1170 5777 2.
1195 5728 1259 5778 tom.
1284 5729 1322 5779 2.
1334 5725 1480 5793 larmirus,
1500 5726 1691 5795 Scriptorum,
1714 5729 1828 5796 quamdo
1847 5729 1927 5782 docet
1943 5728 2081 5783 homiuem
2093 5748 2171 5799 pau·

474 5827 548 5880 oper.
572 5807 665 5863 Lutin.
691 5807 710 5863 f.
737 5811 795 5863 291.
839 5806 953 5878 Excipit
977 5808 1215 5878 Bellsrminus,'
1203 5811 1307 5866 errares
1334 5813 1416 5868 latim
1432 5813 1533 5866 curari
1547 5821 1574 5866 et
1583 5815 1737 5882 proficere,
1765 5831 1821 5868 mom
1839 5813 1919 5882 loqui
1937 5816 2174 5885 deprecatorum

472 5896 572 5952 simam
587 5897 661 5952 laos
678 5894 859 5968 objectionem
877 5909 944 5964 ure,
962 5910 1025 5949 cum
1036 5894 1123 5965 juria
1134 5893 1308 5970 Cypriorum
1334 5898 1512 5967 rememores,
1535 5900 1589 5953 esd
1609 5900 1646 5955 cio
1670 5899 1815 5956 curatore
1839 5899 1985 5970 hapuoris
2004 5918 2037 5957 su
2049 5912 2175 5972 peccato
