5017 6675
515 593 557 651 „0
861 546 864 552 '
1205 582 1330 641 nocue
1349 580 1536 641 55511555

514 738 564 793 sed
582 737 625 792 'de
651 736 757 793 effectis
783 744 867 810 atque
883 742 1041 812 τεκμηρίοις
1058 736 1199 794 electionis
1219 737 1343 810 egitsex
1372 726 1524 807 reprobare
1537 752 1593 805 per
1610 735 1763 805 justitiam.
1798 735 1846 790 Ad
1863 736 2052 808 mestianum
2070 753 2109 792 an
2125 752 2207 809 pres·

513 823 615 897 quibus
633 824 739 879 scilicet
756 825 843 897 signis
862 823 1038 879 menifestum
1056 823 1118 891 fiet,
1139 824 1187 895 qui
1204 825 1260 878 sint
1278 841 1344 879 vase
1369 821 1485 878 scientie
1507 821 1667 876 mentorum
1690 822 1728 877 sit
1753 837 1839 878 censs
1860 821 2075 894 reprobationis,
2098 822 2207 880 ibidem

513 910 550 964 ed
575 910 674 979 decus,
695 911 743 981 qui
764 911 820 965 sint
844 910 873 964 in
900 909 1050 966 electorum
1067 927 1192 978 numero,
1214 910 1345 966 videlicet
1369 907 1532 980 respondet:
1566 906 1704 978 Effectum
1730 909 2000 978 praedamnationis
2026 910 2210 964 cmeidsrari

513 995 561 1066 qni
583 1012 600 1050 5
619 994 758 1051 dochinus
776 1012 809 1050 ac
827 995 902 1050 ritae
919 995 1092 1051 immunditie
1110 995 1228 1067 Spiritus
1245 1013 1268 1049 e.
1286 993 1344 1050 effi·
1367 1011 1457 1064 posse.
1472 999 1496 1047 1.
1509 994 1540 1046 in
1546 994 1723 1064 particulari
1738 1002 1763 1049 et
1778 995 1825 1053 sie
1838 995 1960 1064 aliquem
1979 996 2105 1065 effectum
2117 1012 2205 1066 pras-

512 1082 591 1135 cacie
620 1099 650 1136 se
675 1080 832 1148 emundent.
881 1087 905 1136 2.
930 1081 1114 1147 Quodenim
1139 1082 1270 1151 jubemur
1293 1098 1343 1136 nos
1370 1080 1564 1134 5551555115πὺ
1600 1096 1658 1134 esse
1693 1097 1809 1134 caueam
1844 1088 1870 1134 st
1898 1081 2037 1135 rationem
2066 1082 2205 1151 alteiae,-

512 1165 587 1237 ipsos
611 1166 773 1230 emundare,
799 1166 921 1220 nondum
945 1167 1047 1238 probet
1071 1185 1103 1224 ex
1125 1166 1204 1222 nobis
1226 1168 1255 1222 id
1280 1185 1343 1223 nos·
1364 1166 1551 1235 posteriorem
1566 1165 1681 1234 prioris,
1700 1167 1852 1220 seeundum
1869 1167 2007 1219 rationem
2026 1183 2130 1222 causas
2147 1184 2205 1221 me-

512 1251 657 1322 metipsos
675 1268 766 1321 posse,
783 1253 921 1322 siquidem
936 1271 993 1306 non
1004 1272 1098 1306 555555
1112 1254 1209 1307 idom
1219 1253 1344 1320 copitare
1367 1251 1495 1319 ritoriae,
1512 1250 1583 1304 siem
1602 1250 1630 1304 si
1647 1251 1783 1315 dieamus,
1801 1253 1880 1321 quod
1891 1250 2005 1305 DEUS
2011 1254 2204 1322 praeordina·

513 1338 627 1406 alipeid
643 1337 709 1390 boni
726 1353 759 1391 55
776 1338 865 1407 name,
884 1345 1018 1408 tarpeiam
1036 1357 1069 1394 55
1086 1341 1171 1395 nobee.
1207 1344 1231 1395 1.
1243 1337 1306 1395 Cor.
1317 1345 1343 1406 3,
1367 1337 1438 1389 verit
1455 1352 1485 1391 ss
1502 1338 1635 1390 55555555
1655 1337 1746 1391 alicui
1761 1337 1884 1406 pieriam
1902 1352 1935 1391 ec
1953 1338 2069 1404 meritis,
2087 1346 2116 1392 et
2127 1341 2205 1409 puad

510 1441 537 1476 v.
555 1430 586 1478 5:
611 1425 692 1476 Deus
710 1431 763 1492 eet,
781 1425 830 1492 qui
850 1434 984 1494 operatur
1001 1427 1031 1479 iu
1049 1426 1129 1479 nobie
1146 1425 1217 1478 velle
1235 1433 1262 1479 st
1276 1441 1342 1494 per·
1365 1423 1612 1491 praeordinaverit
1633 1439 1663 1476 ss
1685 1424 1820 1478 dammim
1836 1424 1975 1494 pretinm,
2001 1431 2032 1477 ut
2048 1433 2205 1479 5555555155·

464 1521 467 1526 ·
504 1511 593 1577 ficere
612 1507 684 1563 Phil.
703 1514 734 1577 l,
755 1527 781 1562 v.
802 1515 848 1578 13,
871 1512 924 1564 sed
941 1529 1092 1582 pessumae
1118 1511 1194 1566 illud
1213 1528 1246 1564 55
1265 1512 1343 1565 novis
1368 1509 1506 1575 ploriam
1539 1511 1563 1561 1.
1590 1508 1620 1562 in
1648 1510 1785 1563 communi
1809 1517 1836 1563 et
1861 1510 1903 1564 eia
1930 1502 2105 1580 irreposcibile
2132 1525 2201 1578 sess,

510 1595 571 1649 illis
588 1596 665 1648 datie
683 1612 702 1646 a
722 1596 786 1649 Deo
803 1596 916 1651 viribrse.
952 1603 977 1654 3.
996 1597 1058 1654 Vox
1078 1613 1144 1669 ergo
1157 1596 1341 1652 ERITidem
1369 1595 1445 1663 puad
1470 1597 1553 1648 detur
1579 1611 1668 1648 causa
1691 1595 1774 1649 tatim
1793 1596 2067 1665 praedestinatianis
2090 1597 2205 1666 effeetus

511 1680 640 1749 denotat,
657 1680 732 1750 qnod
751 1680 952 1753 declarabitur,
970 1689 1164 1754 cognoscetur,
1183 1681 1341 1737 manifestu-
1368 1696 1400 1732 ee
1411 1687 1498 1748 parts
1513 1686 1627 1748 555155,
1650 1680 1720 1748 quia
1737 1680 1872 1751 preicprsid
1888 1681 2136 1752 comprehenditur
2152 1681 2204 1735 rub

510 1764 592 1819 bitur.
634 1765 734 1821 1551.
754 1774 785 1835 5,
808 1784 834 1821 v.
862 1774 908 1823 n:
937 1768 1048 1837 55555
1077 1755 1342 1837 nimicosvestros,
1367 1767 1467 1836 effora
1491 1765 1774 1836 5555555555,
1803 1768 1855 1831 aa
1881 1783 1936 1836 per
1962 1767 2101 1822 555555
2131 1767 2203 1821 sue

509 1869 536 1906 v.
555 1857 603 1907 45:
625 1859 656 1905 ut
679 1853 742 1905 sitis
759 1852 819 1923 filii
836 1854 936 1907 Patres
953 1854 1090 1908 caelestis.
1125 1853 1189 1909 Joh.
1208 1859 1232 1921 8,
1250 1871 1276 1906 v.
1296 1859 1342 1910 ³1:
1368 1869 1446 1919 num,
1471 1852 1554 1905 stiam
1577 1853 1643 1922 ipsa
1662 1854 1849 1922 praeparatio
1870 1853 2064 1930 ad'pratianu
2099 1851 2204 1909 Thrae

509 1938 537 1990 si
562 1939 593 1991 in
621 1955 747 1992 55555555
764 1955 825 1993 meo
842 1940 1014 2004 manseritis,
1039 1956 1103 1994 vsre
1129 1940 1266 2009 discipuli
1287 1941 1343 1993 mei
1367 1936 1416 1992 ult
1453 1935 1586 1991 Converte
1614 1954 1678 2006 nos,
1713 1938 1895 2004 Domine,
1930 1946 1959 1992 et
1994 1947 2204 2008 coemrtemur5

509 2024 595 2077 eritis.
631 2024 704 2080 Nota
728 2026 904 2098 astragum,
927 2025 1015 2081 multe
1036 2031 1105 2080 tuno
1125 2024 1186 2080 fieri
1204 2026 1342 2095 dicuntur,
1367 2023 1449 2076 babet
1484 2031 1576 2076 tomen
1611 2024 1662 2078 bor
1696 2025 1780 2078 modo
1812 2025 2036 2094 praedestinatio
2067 2042 2125 2094 pro
2155 2042 2202 2078 ra·

509 2110 621 2181 quando
642 2110 718 2166 iacta
742 2127 802 2166 esse
825 2111 1044 2167 manifestantur.
1079 2118 1103 2167 4.
1121 2111 1209 2167 Totus
1232 2118 1341 2168 contex-
1366 2107 1441 2161 tione
1461 2108 1587 2162 (15515155
1610 2109 1767 2164 basidem.
1801 2107 1880 2165 Haeo
1905 2108 2033 2165 Thomu.
2052 2109 2200 2166 3555155-

508 2199 553 2251 tus
575 2196 647 2251 banc
672 2197 871 2267 expositionem
893 2196 1050 2267 confirmet3
1082 2214 1226 2254 occnmme
1250 2198 1339 2253 voluit
1366 2198 1430 2248 tura
1455 2199 1475 2249 1.
1488 2200 1617 2251 «sentent
1645 2194 1765 2250 deunce
1789 2201 1832 2252 11.
1859 2201 1965 2268 quaest
1995 2203 2017 2253 1.
2047 2196 2086 2251 ad
2116 2213 2228 2269 qnae,

508 2281 649 2352 apostolus
667 2283 798 2337 scandalo
816 2300 849 2338 ex
867 2284 1007 2354 apostasia
1022 2283 1179 2354 Hymenaei
1198 2282 1342 2340 etPhilcti
1366 2279 1494 2335 stionem:
1528 2279 1629 2336 Utrum
1657 2280 1873 2352 praedestinatio
1901 2282 1946 2338 rel
1978 2281 2139 2354 reprobatio
2169 2282 2198 2336 in

508 2368 603 2439 magni
619 2368 738 2422 nominis
757 2369 900 2425 doctorum
917 2377 985 2440 orto,
1006 2371 1074 2425 dicit
1094 2386 1176 2442 ergo:
1203 2371 1340 2426 neminem
1366 2364 1446 2419 nobie
1472 2365 1575 2421 babeat
1599 2383 1713 2422 eausam
1742 2367 1930 2423 meritoriam?
1961 2367 2009 2425 Sic
2035 2368 2197 2440 respondet:

508 2453 611 2509 debere
641 2470 675 2509 ca
701 2453 819 2524 offendi,
848 2472 912 2510 curn
935 2455 965 2510 in
992 2455 1110 2511 ecclesia
1132 2456 1188 2511 sint
1209 2471 1266 2510 non
1290 2455 1341 2511 soli
1367 2451 1529 2505 Notandum
1547 2454 1624 2521 quod
1641 2454 1671 2506 in
1682 2455 1945 2522 praedestinatione
1961 2453 2020 2508 tria
2037 2455 2198 2525 imellipun·

508 2538 604 2606 electi,
629 2539 678 2595 sed
694 2541 818 2613 reprobi,
842 2541 915 2596 sicut
933 2542 964 2617 in
981 2541 1062 2596 domo
1081 2557 1183 2614 magns
1200 2557 1269 2597 vasa
1285 2559 1340 2597 non
1366 2542 1428 2589 11111
1448 2537 1576 2590 Prt'mum
1599 2545 1639 2591 eet
1656 2540 1838 2608 propositum
1859 2547 2019 2608 adernumf
2045 2541 2198 2595 secusdum

510 2624 599 2679 solnm
613 2629 888 2697 aureeetargentes,
906 2626 1047 2682 sedetiam
1060 2626 1338 2698 ligneaettestacee:
1366 2629 1407 2674 est
1432 2622 1596 2691 terrsparalis
1621 2624 1810 2694 mutilaatim
1847 2625 1957 2689 tertium
1983 2642 2049 2680 vers
2079 2634 2197 2680 5555555

506 2725 541 2765 ac
559 2709 650 2766 Deum
674 2711 787 2783 quidem
815 2728 832 2766 5
848 2712 933 2782 priori
951 2718 979 2769 st
996 2712 1158 2783 simpliciter
1173 2731 1267 2782 nosse,
1291 2713 1340 2785 qni
1365 2708 1543 2776 5155515515.
1581 2708 1719 2764 Similiter
1740 2711 1772 2765 in
1788 2713 1984 2780 reprobatione
2002 2711 2199 2780 mutuum

506 2795 563 2851 sint
586 2797 643 2866 eui,
669 2813 720 2850 nos
748 2812 813 2851 rero
835 2814 891 2853 non
914 2814 997 2870 posse
1013 2815 1061 2854 eos
1079 2815 1260 2870 cognoscere,
1286 2799 1339 2854 nisi
1366 2795 1432 2857 tria,
1449 2795 1556 2850 scilieet
1572 2803 1716 2850 adernam
1734 2797 1838 2867 adium,
1858 2797 2021 2865 temporalis
2037 2797 2199 2868 obdurabo,

506 2898 540 2937 ex
576 2881 697 2946 effectis,
732 2882 863 2938 videlicet
895 2898 943 2938 eos
978 2900 1038 2940 sese
1074 2884 1191 2953 electos,
1226 2885 1275 2957 qui
1309 2895 1339 2942 se
1366 2888 1526 2936 1115111111
1543 2883 1696 2936 damnans.
1740 2882 1878 2964 1111111111
1900 2883 2084 2952 &primum
2107 2892 2134 2937 11
2155 2884 2199 2937 ul·

505 2983 556 3040 pcr
579 2967 700 3039 Spiritus
722 2986 743 3027 s
768 2971 887 3042 gratiam
912 2971 948 3026 ub
971 2971 1057 3043 impie
1079 2971 1206 3028 docmina
1230 2972 1340 3028 etrite
1365 2968 1461 3021 11555555
1477 2968 1609 3022 similiter
1626 2976 1666 3023 est
1682 2964 2200 3038 iudicandumnamultimaevilivst

506 3055 664 3110 emundant.
1360 3070 1456 3123 poena
1474 3062 1500 3108 st
1517 3054 1612 3123 ploria
1627 3055 1794 3126 simpliciter
1811 3056 1974 3110 cadsrtsub
1988 3057 2098 3110 merita.
2132 3055 2199 3110 Pa

379 3136 491 3238 23th
542 3147 599 3196 195.
634 3141 730 3213 Atque
751 3142 821 3198 haec
844 3142 995 3200 dictasint
1019 3145 1054 3200 de
1071 3144 1208 3201 sententie
1225 3145 1337 3202 Ooosmi
1363 3157 1437 3193 111111
1455 3156 1534 3209 vtro,
1563 3141 1670 3195 11111111
1689 3141 1868 3211 prtem
1890 3147 2045 3207 ΨΜ
2070 3159 2104 3197 ⁶⁰
2126 3160 2198 3212 *Μ

378 3241 430 3280 em
444 3250 459 3280 5
505 3231 534 3282 51
522 3226 658 3298 1Β15115,
690 3243 762 3298 quae
795 3229 831 3283 ed
857 3228 1038 3301 Pelagiunum
1068 3230 1192 3300 proxime
1220 3233 1336 3302 accedit,
1364 3245 1418 3296 quo
1438 3234 1581 3281 artemam
1595 3235 1643 3295 est,
1656 3227 2071 3298 meritumtabsrsnonpatsst.
2103 3229 2197 3293 Quan-

378 3291 589 3385 ¹'1‘,}„,¹¹„⁰„qnem
612 3319 707 3369 nostro
732 3315 826 3371 seculo
852 3322 963 3373 secutus
989 3321 1032 3372 est
1054 3317 1118 3373 Alb.
1139 3315 1271 3389 Pighius:
1294 3335 1336 3374 re·
1363 3319 1420 3367 lum
1436 3329 1501 3367 vero
1520 3314 1561 3367 ad
1579 3314 1708 3375 mediare,
1726 3315 1862 3384 55551551
1877 3315 2051 3384 praedicatio
2064 3322 2093 3369 st
2109 3317 2196 3371 obdu·

378 3394 427 3485 ‘¹¹2⁰
415 3406 453 3486 11·
504 3400 574 3472 liqui
599 3399 763 3456 scholastici
780 3402 869 3459 rideri
890 3409 1007 3473 possunt
1031 3403 1218 3459 modestiores.
1255 3405 1336 3461 lom
1362 3400 1641 3470 ratio‚di1ierenter
1665 3408 1706 3454 set
1723 3402 1931 3471 judicandum
1956 3418 2024 3455 5555
2046 3403 2197 3457 5555555555

378 3446 477 3540 11η115
504 3486 582 3541 hard.
605 3489 975 3547 reminisceremur.
996 3491 1336 3545 obdurationismeritum
1362 3486 1858 3554 timplt'tt'ltrcadt'tmbdartert'lo,
1883 3488 1942 3542 st're
1965 3489 2114 3544 ubmalo
2138 3506 2196 3543 me·

503 3573 680 3642 invenimus,
701 3576 915 3630 misericordiae
942 3584 1034 3631 autem
1059 3578 1187 3631 muitum
1212 3596 1268 3632 non
1294 3580 1335 3631 in·
1361 3574 1435 3626 rito:
1458 3574 1631 3643 pratifieatio
1654 3592 1719 3629 vero
1742 3592 1792 3629 555
1815 3575 1981 3645 sintplicitsr
2008 3575 2059 3629 sub
2085 3576 2195 3644 merita,

502 3660 639 3727 venimus,
669 3661 738 3729 quia
765 3662 873 3717 nullum
900 3671 941 3717 set
964 3664 1177 3718 misericordias
1198 3664 1335 3733 meritum,
1362 3674 1412 3712 uec
1438 3659 1605 3729 simpliciter
1630 3669 1712 3715 entra
1728 3662 1864 3718 meritum.
1899 3662 1954 3715 Est
1971 3661 2042 3714 enim
2065 3664 2195 3716 meierum

503 3762 537 3799 ns
562 3747 658 3813 pratia
685 3756 845 3812 evocemur,
872 3750 900 3802 si
923 3767 980 3803 non
1006 3750 1097 3819 protis
1122 3750 1256 3819 donatur,
1285 3751 1337 3803 ssd
1362 3746 1480 3814 eonarut'
1504 3746 1586 3813 dipui
1610 3754 1636 3801 et
1661 3748 1801 3816 cvndipni.
1847 3748 1981 3803 Meritum
2003 3749 2122 3817 conpr-esi
2147 3756 2195 3819 est,

503 3831 610 3884 meritis
627 3832 760 3886 redditur
775 3840 826 3889 etc.
862 3832 931 3887 0555
949 3836 1060 3903 pretias
1067 3875 1075 3903 ,
1094 3852 1165 3905 quas
1182 3836 1336 3905 apponitur
1362 3834 1475 3899 5555515
1488 3838 1621 3900 peccator
1639 3833 1734 3900 savit,
1759 3835 1837 3903 quod
1858 3834 1889 3887 in
1912 3850 1942 3887 ss
1966 3841 2006 3887 est
2027 3840 2055 3888 et
2074 3850 2132 3903 pra
2155 3851 2194 3888 se.

502 3916 610 3970 bomini
626 3918 668 3970 ad
676 3919 921 3988 justificationem,
941 3921 1022 3973 nulla
1041 3922 1097 3974 sint
1117 3922 1231 3986 merita,
1247 3922 1335 3976 multo
1361 3916 1497 3971 Meritum
1515 3919 1610 3986 1119111,
1634 3919 1750 3987 quaudo
1769 3920 1867 3987 justus
1885 3926 2020 3988 0911111111·
2038 3935 2097 3987 pre
2125 3920 2194 3977 aleb.

480 4003 593 4064 ,minus
619 4003 757 4071 secpsius
776 4006 1060 4074 praedestinatianis,
1086 4024 1143 4076 qua
1167 4009 1202 4061 55
1221 4017 1334 4062 ameno
1361 4002 1497 4056 Meritum
1515 4005 1663 4073 candiani,
1687 4007 1799 4074 maudo
1822 4006 1915 4073 iusim
1938 4012 2073 4075 operatur
2084 4022 2147 4075 pro
2164 4023 2193 4060 es

502 4087 585 4156 clepit
615 4088 741 4156 DEUS,
768 4108 837 4160 quos
863 4092 964 4158 voluit,
1001 4092 1100 4161 aliqua
1130 4096 1334 4163 praeecsretere
1360 4088 1438 4157 11110,
1466 4089 1533 4157 quia
1557 4092 1599 4142 ad
1620 4090 1672 4144 boc
1695 4091 1845 4145 ordinatur
1869 4091 1966 4160 pratia
1992 4106 2025 4144 ev
2041 4092 2192 4161 cvedipuo.

496 4182 618 4243 possunt
630 4176 745 4228 merita:
760 4176 802 4229 ita
816 4193 866 4231 nec
878 4178 1090 4247 reprobationis,
1104 4196 1161 4248 pua
1176 4180 1212 4233 ab
1220 4188 1334 4233 aeterum
1363 4167 1468 4227 Gratia
1493 4182 1584 4228 aedem
1609 4175 1695 4229 alteri
1714 4177 1903 4244 promerenda
1930 4194 1987 4231 non
2012 4184 2054 4231 551
2080 4178 2193 4231 omnmo

501 4261 637 4329 quosdam
658 4263 815 4331 praescivit
833 4265 954 4331 suturas
981 4263 1072 4317 malos
1098 4272 1123 4317 et
1148 4266 1333 4334 damnandos,
1360 4259 1559 4328 1110111151),
1583 4261 1651 4329 quia
1665 4270 1800 4329 peccator·
1818 4263 1893 4332 omiti
1906 4263 2193 4334 bomadt'ude'pnuq

499 4345 572 4399 eiam
601 4347 684 4415 elepit
707 4348 799 4403 Jacob
825 4357 852 4403 st
873 4349 1036 4419 reprobavit
1056 4350 1151 4419 Esau,
1177 4353 1254 4419 quod
1278 4371 1334 4406 non
1358 4362 1409 4399 1111
1433 4346 1523 4400 mlum
1546 4364 1579 4400 ⁶²
1600 4365 1733 4416 0011111105
1757 4349 1940 4418 1111111111
1963 4349 2066 4417 ditm
2089 4358 2133 4404 Ν
2150 4368 2194 4404 ⁶²·

492 4429 558 4496 suit
571 4448 628 4500 pro
645 4434 752 4487 meritis
768 4435 910 4504 ipsormn,
931 4451 1002 4504 5555
1020 4444 1085 4488 tunc
1103 4436 1246 4503 trabebant,
1266 4438 1334 4506 quia
1359 4432 1473 4485 audiri:
1501 4431 1680 4502 Gratifieatio
1706 4450 1772 4502 erpo
1798 4435 1849 4486 sub
1871 4434 1970 4489 merito
1987 4436 2108 4504 conprui
2128 4444 2193 4505 pot·

498 4515 580 4567 nulla
598 4517 751 4584 habebare,-
778 4521 909 4588 quoniam
933 4537 983 4574 555
1007 4521 1067 4589 ipsi
1083 4522 1262 4587 candebant,
1284 4540 1335 4577 555
1359 4526 1401 4572 551
1418 4520 1532 4588 cadere,
1551 4522 1646 4589 quoad
1663 4520 1755 4589 speum
1774 4522 2007 4590 pratifioandum
2023 4522 2075 4576 rub
2091 4523 2193 4577 merito

496 4609 615 4671 propter
631 4604 733 4662 futura
750 4606 865 4674 merita,
888 4623 960 4675 pesae
975 4608 1168 4676 praevideret,
1192 4610 1235 4662 551
1252 4609 1334 4663 illum
1360 4606 1440 4673 diam
1457 4613 1589 4674 55551515
1608 4608 1649 4660 ad
1660 4607 1748 4659 alium
1760 4608 1849 4660 airum
1861 4608 2071 4674 1555151515ηό
2092 4610 2193 4663 5551115

501 4688 584 4756 clepit
611 4687 765 4742 5515511555
790 4692 958 4762 reprobavit.
1001 4691 1098 4747 Thom.
1122 4711 1149 4764 p.
1176 4699 1197 4749 1.
1225 4711 1270 4765 qn
1291 4700 1333 4752 2³.
1361 4694 1484 4760 oonprui,
1503 4700 1637 4761 95551551
1655 4694 1696 4746 ad
1713 4700 1855 4759 neutrum,
1881 4696 1983 4751 51555
2003 4697 2127 4765 proprie
2152 4697 2193 4750 15

500 4781 545 4829 art
562 4781 585 4829 5.
625 4774 719 4836 Quare
743 4776 793 4829 bos
812 4780 892 4830 11555
915 4779 1015 4845 stipat,
1041 4789 1067 4833 et
1090 4798 1144 4833 non
1168 4780 1250 4844 illos,
1279 4799 1335 4835 non
1361 4781 1470 4847 quenda
1489 4787 1529 4832 est
1543 4781 1678 4834 meritum.
1711 4779 1819 4835 Ibidem
1834 4784 1940 4851 quaest.
1959 4785 1983 4835 1.
1995 4780 2194 4838 Bonaventnra

500 4860 582 4914 babet
606 4861 744 4941 rationem
766 4862 824 4915 nisi
841 4863 965 4916 divinam
982 4864 1164 4933 voluntateru,
1189 4883 1277 4935 neque
1295 4877 1335 4921 est
1361 4863 1481 4935 quaerit:
1499 4864 1599 4921 Utrum
1617 4865 1832 4935 praedestinatio
1850 4871 1878 4921 et
1894 4866 2051 4936 reprobatio
2068 4866 2193 4923 habeant

500 4946 545 5000 bic
561 4948 712 5016 iniquitas,
745 4948 813 5015 quia
838 4949 1064 5017 praedestinatio
1094 4959 1133 5004 est
1164 4969 1197 5005 55
1229 4954 1333 5019 proteo.
1359 4945 1388 5004 in
1406 4950 1466 5005 Deo
1484 4951 1618 5005 rationem
1638 4951 1787 5006 motivum?
1813 4952 1950 5023 adquam
1969 4953 2007 5007 sic
2025 4954 2190 5025 respondet:

500 5031 587 5086 Ratio
608 5033 878 5102 praedestinationis
897 5042 923 5087 et
940 5036 1146 5102 reprobationis
1162 5038 1283 5090 sumitur
1302 5054 1334 5091 55
1359 5054 1421 5088 vum
1448 5037 1607 5105 quaeritur,
1635 5046 1728 5090 utrum
1758 5047 1900 5092 aeternum
1928 5041 1988 5093 Dei
2012 5042 2192 5109 propositum

501 5117 565 5185 ipsa
583 5119 705 5173 bonitate
724 5120 831 5183 divina,
851 5136 960 5173 5555555
979 5122 1052 5174 enim
1070 5130 1122 5189 est,
1140 5125 1217 5191 quod
1235 5125 1334 5177 divina
1358 5122 1415 5174 sive
1433 5122 1531 5176 electio
1548 5122 1592 5176 vel
1603 5124 1764 5191 reprobatio
1781 5126 1812 5178 in
1822 5126 1886 5179 Deo
1906 5126 2037 5179 motivam
2052 5126 2192 5180 rationem

500 5203 617 5271 bonitae,
636 5221 707 5273 puae
725 5205 756 5259 in
772 5222 801 5259 55
821 5214 862 5260 551
873 5225 930 5260 555
945 5214 969 5260 et
982 5208 1108 5278 simplex,
1125 5209 1333 5272 multiformiter
1359 5206 1469 5269 babeat,
1489 5208 1539 5262 boc
1557 5226 1615 5262 non
1633 5209 1800 5278 intellipitur
1813 5204 1945 5280 55551555
1963 5212 2005 5265 ad
2019 5212 2192 5267 voluntatem

499 5299 723 5358 repraesentetur
740 5294 771 5345 in
788 5294 883 5362 rebus,
911 5294 980 5362 quia
1002 5311 1049 5347 res
1070 5303 1183 5348 creatas
1207 5297 1248 5349 ad
1269 5297 1333 5349 eim-
1359 5292 1484 5345 divinam
1500 5294 1545 5346 vel
1563 5295 1625 5363 ejus
1643 5304 1743 5365 amum,
1761 5298 1902 5365 puiDeus
1919 5304 1978 5364 551,Ι
1994 5298 2190 5367 ssdpuantum

481 5375 653 5452 ‘plicitatem
669 5378 795 5432 diurnam
812 5379 949 5448 attinpsrs
966 5396 1022 5432 non
1035 5388 1170 5449 possunt,
1188 5382 1333 5451 requirun-
1358 5379 1400 5431 ad
1415 5379 1621 5446 ordinationem
1640 5383 1721 5436 voliti
1744 5386 1784 5437 ad
1806 5386 1869 5453 ejus
1891 5383 2068 5439 vohtmatesn.
2108 5386 2149 5439 Et
2166 5386 2194 5439 si

499 5465 547 5513 tur
574 5476 640 5528 erpo
667 5462 773 5516 diversi
795 5466 905 5533 prades
926 5481 1038 5533 rerum,·
1062 5474 1093 5519 ut
1115 5466 1334 5531 multiformitas
1358 5472 1510 5532 quaeratur
1527 5467 1603 5520 ratio
1621 5470 1747 5522 55555155
1762 5471 1805 5523 551
1823 5470 1976 5539 merdario,
1995 5473 2193 5542 respondemur,
2205 5478 2260 5523 111

499 5547 640 5616 praduum
657 5556 789 5612 seruetur,
808 5555 886 5606 Deus
898 5552 1037 5621 permittit
1058 5553 1157 5620 aliqua
1174 5553 1332 5621 molesteri,
1357 5553 1434 5620 quod
1456 5553 1525 5605 dari
1544 5570 1600 5606 non
1623 5558 1732 5624 poseit;
1767 5557 1796 5609 si
1819 5561 1910 5610 autem
1935 5565 2089 5626 musaeus
2112 5560 2193 5614 ratio

498 5650 533 5687 es
550 5633 640 5686 multa
658 5633 731 5685 bana
748 5634 946 5704 impediantur.
981 5635 1073 5691 Idem:
1095 5636 1129 5689 Si
1140 5638 1333 5692 consideretur
1358 5638 1541 5707 conpruitotis
1560 5647 1585 5693 et
1602 5642 1761 5709 desemine,
1778 5644 1951 5712 respondent
1968 5644 2093 5713 puidam,
2113 5648 2194 5715 quad

499 5737 585 5789 penus
608 5719 758 5773 bumanum
781 5722 855 5775 velut
878 5724 1047 5777 universitas
1063 5723 1219 5791 quasdam,
1244 5723 1333 5777 voluit
1357 5724 1421 5793 ipsa
1440 5726 1500 5779 Dei
1516 5727 1645 5781 voluntas
1661 5728 1791 5795 sibiipsi
1807 5738 1847 5782 set
1871 5731 1964 5799 ratio,
1986 5747 2037 5784 nec
2061 5740 2105 5785 set
2127 5733 2193 5788 alia

500 5809 580 5862 Deus
597 5808 735 5878 quosdam
753 5806 867 5861 5515555
876 5825 930 5877 per
941 5808 1174 5875 misericordiam,
1192 5811 1331 5876 quosdam
1358 5811 1441 5879 ratio,
1459 5828 1547 5879 quare
1565 5813 1647 5867 s'etum
1666 5813 1757 5881 elspit,
1773 5815 1830 5868 nisi
1847 5817 1915 5885 quia
1928 5816 2027 5885 placet
2046 5823 2101 5874 eto.
2130 5819 2193 5874 ded
