5017 6675
482 643 522 716 92
1025 644 1027 648 ’
1167 644 1291 705 Locus
1310 645 1499 705 SEPTIMUS

481 820 533 858 saa
559 803 755 859 incredulitate
779 811 808 859 et
825 801 1033 873 impoenitentia
1049 801 1169 857 finaliter
1188 818 1316 873 perman-
1344 802 1411 873 quia
1434 801 1593 873 reprobatio
1617 806 1661 857 est
1676 801 1732 857 Dei
1749 803 1877 858 voluutas
1896 801 1932 857 de
1948 801 2091 856 hominnm
2110 816 2182 874 quo·

482 906 567 943 suros.
604 888 723 944 Causam
741 889 942 959 reprobationis
960 888 1116 959 quaerimus
1129 894 1157 942 et
1170 889 1317 942 statuimus
1344 889 1462 943 rundam
1485 888 1654 958 perditione:
1681 889 1838 959 reprobatio
1863 904 1897 942 ex
1921 886 2059 943 sententia
2082 887 2184 943 sdver-

481 974 509 1029 iu
544 975 614 1046 ipsis
642 974 811 1042 homiuibus,
843 989 898 1027 nou
923 973 952 1027 iu
980 974 1090 1027 decreto
1118 974 1238 1044 quodam
1264 972 1316 1026 Dei
1344 974 1478 1027 sariorum
1505 979 1547 1028 est
1570 972 1707 1028 absoluta.
1750 974 1826 1047 Ergo
1850 973 1927 1030 Deus
1951 973 1987 1028 ab
2010 980 2124 1029 aeterno
2146 990 2182 1028 ex

482 1060 619 1114 absoluto.
665 1060 830 1130 Fulgentius
863 1058 912 1113 lib.
943 1065 963 1113 1.
991 1059 1027 1112 ad
1053 1058 1127 1114 Mon.
1171 1061 1252 1112 Desa
1278 1060 1319 1111 ad
1344 1060 1472 1114 absoluto
1491 1059 1612 1131 quodam
1632 1059 1802 1133 odioproluit
1817 1060 1943 1115 homines
1961 1059 2096 1116 damnari.
2130 1059 2183 1116 Vr·

479 1147 651 1215 suppliciam
670 1146 826 1212 dedinovit,
846 1163 915 1214 pisas
932 1161 992 1196 ase
999 1145 1154 1212 praescivit
1166 1143 1318 1197 oolrcntatis
1344 1145 1436 1199 cissim
1463 1144 1605 1199 damuatio
1631 1144 1660 1198 iu
1687 1150 1811 1215 tempore
1838 1152 1881 1201 est
1906 1146 2036 1200 voluutas
2062 1144 2117 1200 Dei
2145 1144 2183 1199 de

480 1232 574 1284 malae
601 1233 667 1284 vitio
695 1230 874 1284 discessuros.
916 1229 1093 1300 Sejungimus
1118 1230 1204 1301 igitur
1226 1246 1277 1282 uos
1301 1245 1318 1281 a
1345 1231 1517 1300 quorundam
1542 1231 1684 1284 hominum
1710 1232 1879 1302 perditione:
1906 1231 1956 1286 illa
1983 1247 2017 1285 ex
2041 1230 2195 1286 sententia.

480 1316 595 1372 Calvino
620 1322 648 1371 et
668 1316 754 1385 ipsius
779 1316 906 1383 asseclis,
933 1333 1001 1386 quos
1027 1317 1182 1371 absolutum
1209 1315 1245 1368 de
1261 1330 1316 1368 cer·
1344 1316 1562 1371 adversariorum
1589 1333 1702 1371 causam
1728 1317 1812 1373 hahet
1837 1316 1956 1387 positam
1981 1316 2010 1369 iu
2036 1309 2204 1371 hominurn'

480 1411 570 1459 torum
597 1403 768 1473 quorundam
793 1401 933 1455 homiuum
958 1402 1150 1471 reprobatione
1176 1401 1316 1454 decretum
1346 1401 1548 1468 incredulitate,
1566 1401 1684 1473 ideoque
1701 1419 1757 1457 uon
1775 1408 1817 1457 est
1835 1402 1972 1458 absoluta
2006 1401 2083 1473 Ergo
2101 1401 2184 1457 Deus

480 1489 516 1545 ab
542 1496 656 1544 aeterno
680 1505 698 1542 a
724 1488 785 1542 Deo
808 1487 912 1542 factum
936 1505 1111 1558 propugnare
1140 1504 1173 1541 ex
1199 1485 1317 1555 propriis
1344 1489 1374 1542 iu
1410 1494 1534 1558 tempore
1569 1489 1630 1543 vult
1659 1495 1773 1558 propter
1803 1488 2024 1542 incredulitatem
2053 1486 2183 1542 homines
2220 1549 2223 1552 Α

481 1588 574 1631 eorum
591 1574 683 1630 verbis
702 1573 829 1643 superius
848 1575 1026 1627 ostendimus.
1345 1575 1477 1628 damnari.
1531 1573 1616 1629 Vides
1648 1574 1810 1628 mutabilem
1838 1572 1977 1627 introduci
2006 1572 2183 1628 voluntatem

520 1667 575 1716 itt.
612 1659 779 1715 Absolutum
799 1658 867 1711 illud
887 1659 1027 1712 decretum
1045 1664 1138 1729 negat,
1155 1656 1245 1710 Deum
1258 1654 1317 1708 ullo
1343 1659 1419 1716 DEI.
1452 1658 1499 1712 Ab
1518 1666 1631 1714 aeterno
1650 1657 2023 1728 voluitabsolutequosdam
2036 1657 2181 1712 muneri:

483 1746 565 1801 modo
585 1745 656 1801 velle
675 1761 769 1800 omnes
789 1744 880 1797 salvos
897 1743 968 1797 fieri:
987 1750 1081 1813 negat,
1098 1741 1238 1796 Christum
1257 1758 1317 1795 esse
1344 1744 1373 1798 iu
1407 1750 1531 1814 tempore
1569 1751 1682 1814 propter
1712 1745 1934 1799 incredulitatem
1964 1744 2025 1797 vult
2054 1743 2183 1800 hominos

480 1840 619 1887 mortuum
631 1849 682 1901 pro
697 1830 840 1886 omuibus:
859 1835 952 1901 negat,
966 1829 1098 1899 Spiritum
1111 1847 1132 1881 s.
1143 1827 1316 1899 perverbum
1345 1830 1477 1885 damnari.
1514 1836 1538 1885 3.
1558 1831 1638 1886 Vidit
1654 1830 1707 1885 hoc
1724 1832 1814 1900 Besa,
1841 1829 1906 1885 ideo
1924 1831 2059 1896 emeda,
2085 1831 2183 1884 Deam

481 1935 574 1975 omues
599 1918 670 1973 velle
696 1921 862 1971 convertere.
906 1915 994 1986 Atqui
1019 1915 1166 1986 probatum
1190 1913 1318 1966 dedimus
1344 1920 1385 1970 ad
1402 1935 1506 1970 carmes
1526 1919 1717 1971 damnationis
1735 1919 1858 1971 homines
1877 1933 2053 1986 pascuaque
2065 1916 2183 1969 libuerit

371 2013 408 2056 lv.
421 2004 615 2075 tta.superius,
635 2004 817 2058 universalem
837 2019 896 2056 essa
914 2000 1130 2055 misericordiam
1152 1999 1205 2053 Dei
1224 1998 1316 2052 Patris
1339 2003 1578 2071 praedestinasse.
1614 2003 1786 2066 Quaeramus
1804 2018 1885 2073 ergo:
1908 2018 1994 2080 quare
2012 2001 2183 2055 damnantur

379 2080 382 2085 ⁵
481 2089 638 2161 diligentis,
658 2088 812 2143 universale
831 2105 890 2143 esse
909 2087 1037 2141 meritum
1055 2085 1157 2140 Christi
1177 2084 1317 2154 patieutis,
1342 2089 1486 2144 homines?
1512 2089 1706 2159 Respondent,
1733 2091 1801 2159 qnia
1818 2091 1848 2143 in
1861 2089 1950 2159 finali
1967 2089 2182 2158 impoenitentia

481 2176 666 2230 universalem
685 2192 745 2229 esse
764 2174 882 2245 gratiam
902 2172 1020 2241 Spiritus
1038 2190 1061 2227 s.
1081 2171 1213 2225 vocantis.
1342 2182 1470 2228 manent:
1496 2191 1581 2246 quare
1600 2183 1692 2229 sutem
1712 2181 1825 2228 manent
1842 2175 1872 2228 iu
1889 2173 2029 2244 peccans?
2054 2172 2181 2244 Respon-

352 2259 468 2302 0⁸⁰⁸⁸‘⁸·
519 2269 574 2318 lta.
611 2261 753 2331 Scriptura
773 2260 801 2312 in
819 2258 928 2312 homine
942 2257 1039 2311 statuit
1053 2273 1164 2310 causam
1179 2256 1314 2310 interitus.
1343 2261 1423 2330 deut,
1447 2260 1514 2329 qaia
1534 2261 1646 2314 DEUS
1663 2262 1704 2313 ad
1721 2262 1773 2315 hoc
1791 2278 1838 2313 eos
1856 2258 2023 2327 manase,
2041 2259 2128 2327 idonee
2146 2276 2179 2312 aa

351 2313 467 2404 pppussuo·
481 2347 557 2421 Ergo
586 2365 620 2403 ea
650 2363 705 2401 uon
739 2345 885 2400 referenda
907 2344 937 2397 iu
958 2344 1116 2398 absolutum
1137 2342 1249 2413 aliquod
1275 2357 1316 2395 re·
1344 2346 1471 2400 absolata
1497 2347 1584 2413 odio,·
1622 2347 1662 2400 ita
1687 2353 1825 2417 coguntur
1847 2345 1997 2415 proaedere
2019 2343 2180 2402 advmrii.

352 2415 455 2459 ''⁰⁰¹⁰‘'
480 2432 651 2505 probationis
681 2432 829 2486 decretum.
884 2429 1061 2483 Autecadeus
1093 2427 1315 2482 confirmabimus
1344 2431 1409 2487 ,Iam
1428 2431 1600 2503 colligamus.
1637 2432 1717 2495 Quod
1738 2438 1781 2484 est
1799 2448 1884 2485 causa
1901 2446 2014 2492 caum,
2034 2435 2078 2484 est
2094 2430 2180 2484 etiam

479 2519 591 2575 Roseae
611 2523 650 2586 ta,
670 2533 695 2569 r.
716 2524 744 2572 9:
763 2516 894 2568 Perditis
913 2523 962 2567 taa
982 2532 1015 2567 aa
1033 2522 1067 2580 te,
1085 2514 1186 2567 Israel.
1213 2511 1317 2583 Agitur
1347 2534 1431 2571 causa
1443 2517 1558 2571 causati.
1577 2517 1715 2571 Absoluta
1727 2517 1781 2570 Dei
1794 2522 1922 2571 voluntas
1935 2520 1977 2570 est
1988 2531 2073 2570 causa
2083 2531 2178 2585 repro

480 2604 591 2678 quidem
620 2620 652 2657 eo
681 2601 741 2655 loeo
767 2602 803 2655 de
832 2600 928 2670 poenis
960 2597 1175 2667 temporalibus3
1205 2597 1316 2651 interim
1343 2602 1476 2657 bationie:
1498 2602 1658 2672 reprobatio
1679 2608 1721 2657 eet
1734 2618 1819 2656 eausa
1829 2601 1923 2656 finalis
1940 2601 2180 2670 impoenitentiae:

479 2697 573 2746 umen
605 2690 640 2744 de
670 2693 783 2742 aeterua
813 2688 895 2742 etism
925 2687 1082 2758 perditione
1109 2684 1261 2738 rectisdme
1287 2683 1316 2735 id
1342 2688 1432 2742 finalis
1458 2688 1666 2759 impoenitentia
1685 2694 1728 2742 eet
1753 2702 1837 2742 eausa
1865 2685 2055 2742 damnationis.
2095 2685 2177 2757 Ergo

480 2777 571 2847 accipi
595 2782 700 2846 potest:
731 2773 761 2829 si
784 2774 858 2829 enim
881 2790 988 2844 poenas
1010 2771 1175 2842 temporales
1201 2787 1257 2824 uon
1276 2768 1316 2823 in-
1342 2774 1470 2829 absoluta
1488 2774 1542 2828 Dei
1560 2774 1689 2828 voluutas
1710 2775 1762 2827 erit
1779 2774 1863 2827 etiam
1880 2789 1965 2827 musa
1982 2771 2178 2826 damnationis.

480 2863 615 2935 fliguntur
640 2879 657 2918 a
674 2861 735 2915 Deo
753 2878 786 2915 ex
804 2859 931 2915 absoluto
950 2865 979 2914 et
997 2858 1085 2913 libero
1103 2858 1223 2929 quodam
1242 2855 1315 2916 odio,
1341 2862 1412 2916 Inde
1422 2861 1530 2916 Bucen,
1540 2860 1601 2916 loco
1616 2861 1650 2914 de
1664 2860 1860 2930 praedestinat.
1875 2877 1902 2930 p.
1915 2866 1973 2914 403.
1988 2865 2117 2911 nummii
2131 2874 2182 2911 sen

480 2951 567 3004 multo
587 2949 678 3003 minus
697 2954 834 3015 aeternae,
853 2946 956 3016 quippe
975 2961 1047 3015 quae
1064 2942 1317 3014 incomparabiliter
1343 2948 1552 3015 memnonidas
1561 2945 1916 3015 decretsanreprobatabm'a
1924 2944 2038 2998 DEUS
2046 2959 2182 3012 masona·

479 3035 627 3108 graviores.
663 3034 731 3088 Luc.
752 3039 796 3101 14,
815 3051 841 3086 v.
862 3038 911 3088 24:
933 3032 1025 3085 vocati
1041 3032 1083 3083 ad
1101 3047 1228 3097 coenam,
1252 3029 1316 3081 ideo
1342 3041 1396 3102 tar,
1405 3035 1482 3102 qaod
1489 3032 1595 3085 scilicet
1603 3031 1709 3084 sintsl.
1718 3039 1895 3101 peecatorum
1903 3030 2057 3084 actualium
2066 3030 2182 3098 infinita

476 3122 676 3189 'mctadamsn
696 3119 764 3188 quia
782 3119 876 3170 venire
894 3125 1021 3169 renuant.
1052 3115 1148 3170 Actor.
1172 3120 1211 3179 13,
1228 3133 1254 3167 v.
1269 3121 1316 3169 tt:
1341 3119 1456 3172 soboles.
1493 3118 1536 3173 ΙΙ.
1557 3117 1688 3185 ἀπιστία,
1710 3117 1877 3186 infidelitas,
1895 3116 2032 3169 alienatio
2052 3121 2078 3166 et
2094 3131 2179 3182 sepa·

481 3206 593 3260 Judaei
627 3205 848 3259 contradicendo
890 3203 965 3271 illis,
1003 3219 1074 3272 quat
1106 3201 1316 3270 praedicabant
1341 3203 1417 3257 ratio
1448 3204 1477 3255 in
1507 3202 1627 3256 Christo.
1673 3203 1735 3255 ΙΙΙ.
1761 3202 1908 3265 Desertio,
1937 3202 1995 3254 sias
2019 3199 2102 3253 maiia
2129 3205 2181 3251 asa

481 3292 618 3363 apostoli,
638 3298 663 3345 st
682 3290 909 3359 blasphemando.
933 3305 957 3342 r.
977 3294 1025 3344 st:
1049 3304 1079 3341 se
1097 3288 1177 3357 ipsos
1195 3287 1317 3340 reddant
1343 3290 1478 3356 inefficax
1493 3305 1546 3358 per
1563 3288 1640 3342 ambi
1651 3287 1897 3357 praedicationem
1914 3287 2041 3352 nocam,
2070 3293 2120 3339 aut
2140 3286 2182 3339 ad

480 3381 612 3448 indipnos
639 3379 696 3431 uita
723 3386 847 3430 aeterna.
883 3376 962 3432 Rom.
993 3381 1038 3438 il,
1073 3391 1098 3429 r.
1126 3380 1173 3429 20:
1207 3374 1318 3427 Judaci
1341 3376 1513 3429 vocationem
1537 3374 1648 3427 interna
1670 3374 1825 3442 responsio.
1861 3374 1882 3426 I
1887 3374 1914 3428 V.
1933 3373 2100 3429 Pertinacia
2122 3372 2205 3425 aios·

481 3466 677 3520 inm-edulitate
695 3481 727 3517 ea
746 3465 810 3517 oleo
828 3471 892 3516 sunt
907 3463 1004 3529 fracti.
1025 3466 1048 3517 2.
1062 3460 1159 3514 Thess.
1179 3464 1203 3526 2,
1222 3476 1247 3514 r.
1269 3464 1314 3513 10:
1341 3462 1485 3515 induratio
1513 3470 1538 3514 et
1566 3462 1722 3514 mendatio
1750 3461 1934 3528 inpeccatis
1982 3461 2012 3514 V.
2035 3461 2181 3527 Perpetua

483 3552 553 3623 qnia
576 3546 723 3605 caritatem
749 3549 878 3602 veritatis
901 3566 958 3600 aaa
982 3553 1161 3615 receperant,
1191 3552 1221 3597 tat
1245 3543 1319 3595 salui
1345 3548 1426 3601 DEI
1441 3548 1596 3600 aversatio:
1623 3554 1773 3600 contemtus
1792 3554 1817 3599 et
1831 3546 1995 3615 propresat'a
2014 3561 2047 3597 ea
2060 3552 2181 3614 peceato

476 3640 586 3709 fierem.
611 3655 636 3690 v.
655 3642 701 3691 li:
726 3636 790 3688 ideo
816 3635 892 3686 sumit
916 3634 976 3686 illis
993 3635 1074 3685 Dens
1098 3630 1256 3700 efficaciam
1276 3646 1318 3682 ar·
1344 3636 1373 3687 in
1396 3640 1551 3702 peccatam.
1596 3633 1644 3686 VI.
1668 3634 1796 3686 Tandem
1813 3632 1974 3700 justissima
1999 3648 2093 3685 eoram
2114 3649 2180 3685 aon-

482 3725 571 3793 roris,
596 3731 626 3775 ut
650 3724 769 3775 madeat
793 3720 961 3787 mendaciis,
988 3726 1017 3770 at
1032 3718 1198 3786 judicentur
1216 3732 1318 3781 omnes,
1344 3720 1485 3773 damnatio
1503 3720 1570 3772 inde
1588 3718 1721 3786 seqadar.
1756 3716 1900 3772 Hactenus
1917 3716 2056 3773 Bueanus.
2082 3724 2108 3773 4.
2124 3715 2262 3772 sodli-²l

483 3812 534 3879 qai
550 3826 605 3861 non
623 3809 806 3862 crediderunt
824 3806 944 3859 veritati.
975 3804 1084 3858 Hoseae
1103 3810 1132 3871 4,
1150 3820 1175 3856 v.
1194 3808 1224 3857 6:
1249 3801 1318 3871 quia
1343 3822 1393 3860 uec
1413 3804 1530 3859 satisfit
1549 3804 1601 3859 hac
1621 3804 1896 3859 distinetiousdictis
1915 3802 2087 3873 Scripturas,
2106 3819 2180 3874 quae

483 3895 626 3948 scientiam
643 3891 882 3961 repudiationem
903 3907 952 3957 epo
970 3890 1107 3958 repellam
1128 3896 1161 3941 to.
1342 3897 1493 3960 testantur,
1520 3891 1610 3945 Deum
1634 3890 1711 3945 nolle
1728 3897 1842 3944 mortem
1868 3889 2034 3961 peccatoris,
2060 3904 2112 3942 uec
2131 3888 2181 3941 de-

359 3978 470 4030 naono
521 3985 577 4036 180.
626 3978 671 4032 Ad
705 3977 773 4032 hacc
803 3983 831 4031 et
860 3976 960 4029 similia
982 3975 1082 4042 dieta,
1115 3988 1187 4045 quae
1215 3988 1317 4044 magno
1342 3978 1437 4032 lectari
1457 3976 1582 4031 absolute
1598 3976 1739 4029 hominum
1757 3975 1871 4030 interitu
1888 3982 1941 4029 eta.
1975 3973 2062 4046 Atqui
2080 3973 2181 4029 inhac

355 4031 465 4124 idm·
483 4077 602 4122 uumero'
628 4080 661 4118 ex
691 4063 835 4133 Scriptura
863 4061 958 4116 afferri
987 4067 1116 4131 possunt,
1148 4061 1318 4128 respondere
1343 4062 1519 4126 distinctione
1536 4062 1668 4116 asseritur
1679 4061 1791 4117 DEUM
1805 4062 1935 4116 absoluto
1948 4059 2181 4130 odioetsa'doato

356 4135 438 4226 2¹ssssssss
482 4152 572 4206 aoient
599 4151 722 4219 amdam
748 4147 925 4200 distinctione
952 4148 1025 4200 inter
1046 4146 1267 4215 reprobationem
1292 4153 1317 4197 et
1342 4149 1430 4204 libera
1454 4150 1586 4219 quosdam
1615 4148 1784 4218 reprobasse.
1830 4155 1855 4204 5.
1878 4148 2022 4202 Intuemur
2047 4162 2099 4200 uos
2122 4164 2182 4201 em-

357 4238 434 4278 Μ’
483 4238 699 4291 damnationem.
744 4234 812 4286 Etsi
831 4242 950 4302 peccata
975 4233 1026 4300 (ait
1049 4233 1179 4285 Bueauus
1204 4230 1232 4283 in
1255 4229 1317 4284 loco
1343 4235 1442 4305 phasin
1459 4234 1526 4288 dicti
1545 4234 1608 4289 doh.
1622 4239 1645 4301 ³,
1665 4252 1690 4289 v.
1713 4239 1758 4288 18:
1776 4234 1826 4303 qai
1842 4253 1897 4287 non
1917 4234 2014 4301 credit,
2026 4233 2091 4301 jam
2095 4234 2182 4301 jadi-

355 4288 469 4389 mg*
484 4324 518 4379 de
543 4322 682 4393 proedest.
705 4338 732 4389 p.
754 4320 823 4385 402.)
843 4338 898 4371 noa
916 4325 980 4370 sant
996 4336 1082 4370 causa
1102 4317 1316 4385 reprobationis,
1343 4328 1422 4374 catus
1441 4328 1493 4387 est,
1519 4321 1588 4389 qaia
1613 4336 1669 4372 non
1695 4320 1786 4372 credit
1804 4320 1834 4372 in
1853 4335 1951 4372 nomen
1967 4318 2107 4387 anigeniti
2117 4318 2184 4385 filii

356 4393 456 4484 ἓξὲξ,
483 4427 553 4479 pnae
570 4410 627 4471 snit
644 4408 679 4459 ab
699 4413 828 4471 aeteram
852 4406 904 4456 sed
917 4405 995 4471 jaste
1014 4404 1072 4456 Dei
1087 4402 1233 4455 uiolentas:
1253 4410 1317 4455 sunt
1344 4409 1409 4460 Dei.
1445 4404 1585 4461 increduli
1605 4411 1670 4458 suut
1684 4404 1820 4474 judicati,
1840 4404 1869 4458 id
1888 4408 1946 4472 est,
1964 4410 2076 4460 aeterno
2094 4404 2182 4459 exitio

356 4487 431 4535 ΜΝ·
484 4503 574 4548 tamen
604 4511 689 4545 cosma
719 4490 923 4557 damnationis,
960 4505 1032 4557 qaae
1061 4496 1188 4560 sopiretur
1218 4489 1317 4540 altimo
1344 4492 1510 4563 adjudicati,
1537 4492 1632 4562 utique
1662 4491 1691 4544 iu
1717 4492 1829 4544 decreto
1852 4489 2061 4560 reprobationis.
2074 4490 2086 4507 ’
2104 4490 2183 4546 Num

356 4555 418 4587 Μ’
482 4589 613 4649 tempore.
648 4578 693 4631 Ita
715 4583 743 4632 et
760 4575 859 4646 reliqui
879 4574 1061 4645 distinguunt.
1094 4573 1318 4643 Respondemus:
1342 4594 1407 4632 vero
1428 4577 1555 4631 absolute
1572 4594 1605 4631 ex
1623 4576 1687 4632 odio
1705 4576 1825 4646 quodam
1845 4575 1952 4630 libero?
1976 4575 2088 4629 minime
2103 4592 2181 4645 roro,

486 4674 508 4723 1.
525 4672 641 4737 Propter
665 4681 735 4735 quas
758 4679 855 4717 causas
875 4660 951 4714 Deus
979 4661 1008 4714 in
1034 4667 1157 4729 tempore
1179 4659 1317 4714 homiuem
1346 4664 1395 4718 sed
1421 4662 1487 4734 quia
1513 4680 1569 4716 non
1593 4663 1710 4717 creduut
1728 4661 1758 4715 in
1775 4679 1875 4717 uomeu
1893 4661 2029 4733 unigeniti
2047 4660 2098 4714 filii
2116 4662 2182 4730 Dei,

482 4754 610 4815 damnat,
634 4757 747 4822 propter
772 4749 881 4804 easdem
907 4747 944 4801 ab
968 4752 1080 4801 aeterno
1104 4764 1166 4801 eum
1187 4746 1318 4800 damnare
1345 4752 1373 4804 id
1400 4749 1474 4821 quod
1494 4748 1656 4804 omniscium
1675 4749 1765 4802 Deum
1791 4748 1877 4802 latere
1895 4764 1949 4802 nou
1969 4745 2067 4817 potuit.
2085 4764 2112 4801 v.
2134 4754 2182 4803 ta:

481 4838 634 4907 coustituit,
653 4838 681 4891 id
701 4842 752 4903 est,
770 4832 943 4904 reprobavit:
963 4832 1040 4903 atqui
1059 4832 1087 4885 iu
1105 4838 1230 4903 tempore
1243 4832 1318 4884 dam·
1347 4838 1409 4889 Hoc
1430 4844 1521 4889 autem
1537 4844 1578 4887 est
1586 4835 1737 4903 judiciam,
1757 4835 1849 4901 idest,
1870 4833 1939 4888 haec
1951 4839 1993 4886 est
2004 4849 2088 4887 causa
2100 4834 2183 4888 btius

481 4925 586 4979 nationi
613 4924 759 4994 adjudicat
781 4920 920 4981 homiues,
946 4937 1001 4973 uou
1026 4936 1059 4973 ex
1078 4918 1204 4972 absoluto
1224 4917 1318 4987 aliquo
1343 4922 1442 4992 judieii
1463 4927 1491 4975 et
1511 4920 1707 4988 damnationis,
1735 4920 1804 4987 qaia
1821 4921 1870 4973 lae
1889 4920 1963 4972 venit
1988 4920 2018 4972 in
2036 4922 2183 4985 mandam,

482 5010 560 5079 odi03
578 5012 626 5064 sed
647 5015 760 5079 propter
779 5006 890 5061 finalem
909 5006 1030 5076 ipsorum
1050 5003 1270 5058 incredulitatem
1291 4998 1373 5061 et'id
1406 5013 1461 5073 est,
1491 5005 1616 5060 Christus
1647 5022 1714 5060 vera
1740 5005 1789 5057 lux
1817 5004 1845 5059 in
1873 5005 2005 5059 muudum
2029 5005 2118 5074 venit,
2152 5015 2185 5062 ae

484 5095 728 5165 impoenitentiam.
765 5094 840 5164 Ergo
860 5092 896 5147 ab
913 5099 1026 5146 aeterno
1045 5091 1189 5144 coustituit
1206 5097 1319 5160 propter
1344 5093 1520 5146 illuminaret
1557 5109 1663 5144 omnam
1698 5090 1835 5144 hominem
1869 5092 2020 5144 seruientem
2049 5092 2080 5144 ia
2108 5092 2185 5147 hana

458 5182 592 5237 easdem
615 5197 712 5235 causas
739 5178 800 5232 illos
823 5178 968 5240 damnare,
995 5178 1069 5248 quod
1088 5177 1229 5231 decretum
1249 5174 1318 5227 nihil
1345 5179 1485 5231 mundam.
1533 5176 1595 5232 Joh.
1626 5184 1653 5245 1,
1681 5194 1706 5230 r.
1733 5182 1763 5232 9:
1793 5178 1846 5230 sad
1873 5176 2031 5231 ditaremini
2055 5176 2186 5233 homines

481 5266 558 5323 aliud
584 5273 637 5330 est,
667 5283 751 5335 quam
778 5264 942 5335 reprobatio.
986 5263 1207 5317 Fundamentum
1234 5262 1319 5332 hujus
1344 5262 1434 5330 maois
1457 5262 1584 5315 tenebras
1608 5280 1692 5331 qaam
1719 5262 1813 5317 lacem.
1856 5261 1943 5316 Vides
1966 5279 2078 5316 causam
2100 5261 2184 5318 istius

481 5352 567 5407 nostri
599 5350 755 5422 argumenti
786 5350 912 5405 consistit
944 5348 971 5401 in
1002 5348 1056 5402 ista
1085 5348 1197 5418 regula,
1233 5364 1318 5415 quam
1341 5347 1439 5420 judieii
1465 5354 1577 5402 aeterua
1600 5348 1711 5402 decreto
1736 5346 1803 5401 facti
1826 5346 1911 5402 tribui
1932 5346 2073 5402 homiuum
2093 5348 2186 5405 iucre-

481 5437 607 5507 snperius
633 5435 811 5490 tradidimus:
849 5434 937 5509 Quod·
957 5434 1098 5488 decretum
1125 5438 1153 5486 et
1178 5433 1317 5486 exsecutio
1344 5434 1461 5488 dulitati.
1498 5440 1522 5489 6.
1545 5433 1710 5496 luvertimus
1731 5434 1851 5505 denique
1870 5433 1942 5487 hanc
1962 5433 2183 5490 distinctionem.

451 5524 453 5527 ’
482 5522 588 5578 decreti
619 5520 671 5575 sibi
704 5520 877 5574 exactissime
910 5520 1105 5590 respondeant.
1142 5522 1165 5572 2.
1187 5517 1232 5573 Sic
1250 5534 1317 5588 crgo
1343 5519 1372 5574 Si
1392 5519 1467 5574 Deus
1491 5538 1546 5575 uou
1570 5519 1630 5573 vult
1656 5519 1781 5573 absolute
1808 5523 1836 5572 et
1858 5518 2021 5588 simpliciter
2037 5518 2185 5577 hominum

482 5607 681 5681 progredimur.
719 5604 749 5660 Si
768 5603 823 5658 alia
842 5610 885 5658 est
904 5622 988 5659 causa
1006 5603 1224 5676 reprobationis,
1241 5603 1317 5658 vido
1344 5606 1562 5675 damnationem,
1585 5606 1686 5677 utique
1711 5605 1794 5661 etiam
1823 5621 1876 5657 uon
1901 5603 1989 5658 voluit
2005 5603 2135 5663 absolute
2155 5615 2186 5664 et

481 5694 547 5750 licet
565 5692 721 5749 absolutum
741 5689 794 5744 Dei
812 5691 919 5759 odium3
946 5691 1001 5744 alia
1018 5688 1216 5755 damnationis,
1240 5689 1317 5743 vide-
1343 5691 1505 5761 simpliciter
1525 5691 1647 5762 ipsorum
1666 5683 1902 5761 reprobationem,
1919 5689 1981 5744 finis
2001 5690 2074 5745 enirn
2087 5708 2184 5763 ropro-

481 5779 547 5834 licet
569 5778 660 5833 finalis
681 5776 822 5832 homiuum
847 5776 1069 5847 impoenitentia,
1092 5772 1234 5829 mutabilis
1254 5792 1318 5830 con·
1343 5777 1463 5833 batiouis
1486 5778 1638 5832 secuudum
1656 5774 1827 5832 adversarios
1854 5783 1910 5845 est,
1943 5776 2021 5831 utin
2040 5776 2183 5836 damnatis

482 5864 606 5922 adtuitur
625 5863 679 5921 Dei
698 5862 834 5933 voluntas,
855 5862 931 5934 quod
951 5860 1032 5918 absit
1069 5859 1210 5916 Connexio
1228 5868 1316 5935 patet,
1340 5863 1480 5936 justitiam
1501 5879 1580 5920 suam
1604 5862 1705 5921 DEUS
1724 5861 1860 5918 osteum.
1896 5860 2062 5935 Quicunque
2086 5870 2183 5923 autem
