5017 6675
872 605 924 661 DE
943 602 1110 663 IMAGINE
1127 601 1195 661 DEI
1212 598 1257 664 nt
1273 601 1433 662 nonme.
1742 652 1747 659 -
1935 608 2003 675 tot

323 762 443 819 etdctor.
464 763 489 831 2,
508 777 534 815 r.
556 765 596 831 lt,
617 760 667 818 scd
687 759 805 834 diligens
821 760 1005 816 consideratio
1022 760 1135 816 istomm
1165 762 1307 828 mmmm,
1328 761 1453 816 cobibere
1468 777 1499 816 se
1511 761 1590 816 debet
1599 763 1723 816 bumana
1732 763 1910 832 praesumtio,
1921 760 1996 817 uriel

322 846 438 902 dictorum
458 847 597 903 divasum
621 848 762 918 ostendet;
787 847 865 902 nulla
886 845 1036 903 rhetorices
1057 862 1136 918 prae
1159 847 1271 910 sociem
1289 847 1320 900 in
1338 843 1575 919 odmompartem
1588 850 1767 904 declinando.
1795 848 1884 920 Epist
1899 855 1939 906 28.
1956 849 1993 904 ed

320 939 384 1004 cepta
406 932 492 988 talem
515 933 618 989 docent
639 933 849 1005 synecdochen,
877 933 906 988 in
929 950 985 1005 qua
1005 950 1070 1004 pars
1086 949 1136 1003 pro
1160 931 1237 989 Hier.
1255 933 1337 1002 dicit,
1350 950 1379 987 se
1394 936 1746 1003 deanimabaeofirmiter
1757 937 1994 1006 teneraquodsit

317 1025 382 1090 parte
398 1018 613 1094 dnedcpprpsdrp
630 1025 756 1090 ponatur.
774 1019 959 1091 (Augustinus
978 1019 1058 1090 epist.
1079 1026 1135 1076 157.
1161 1019 1330 1073 immortalis
1341 1023 1491 1074 secundum
1502 1023 1615 1076 madum
1626 1035 1713 1090 suum,
1724 1025 1801 1092 quod
1811 1040 1868 1076 non
1879 1023 1916 1076 sit
1923 1039 1994 1092 pars

316 1111 406 1169 nond,
431 1105 593 1176 responderi
617 1120 713 1176 posse,
734 1106 809 1176 quod
829 1107 1028 1180 μετωνυμικῶς
1044 1106 1136 1160 anima
1162 1105 1228 1172 Dei,
1240 1108 1318 1175 quod
1329 1107 1367 1160 sit
1377 1107 1553 1177 incorporea,
1561 1109 1638 1178 quod
1647 1108 1728 1162 nulla
1739 1110 1798 1163 Dei
1805 1109 1898 1179 culpa,
1912 1109 1993 1164 nullo

313 1207 353 1261 pro
371 1206 487 1261 corpore
508 1196 641 1260 ponatur,
669 1196 827 1246 contentum
851 1192 955 1248 scilicet
976 1208 1026 1263 pro
1049 1191 1135 1246 conti·
1162 1191 1244 1245 DEI
1260 1192 1305 1246 oei
1327 1210 1380 1246 essa
1398 1193 1573 1263 occasiones,
1598 1196 1650 1247 sed
1664 1196 1787 1265 propria
1804 1195 1946 1250 uoluntate
1963 1196 1994 1250 in

259 1274 298 1317 Η·
311 1275 401 1342 emta)
448 1275 608 1332 Smundum
634 1283 845 1349 argumentum,
871 1277 956 1335 Hebr.
984 1285 1007 1335 t.
1034 1276 1137 1331 dicitur
1161 1277 1470 1350 culpamsitcollapso,
1488 1282 1565 1349 quod
1578 1297 1634 1334 non
1646 1281 1738 1350 possit
1751 1281 1872 1335 liberari
1883 1283 1919 1335 de
1932 1299 1992 1338 eor·

259 1329 368 1419 ici‘tevi
380 1362 537 1417 decimatus
556 1363 585 1418 in
604 1363 706 1418 lumbis
716 1363 855 1431 Abrahae,
874 1380 930 1418 nou
947 1371 1042 1419 autem
1058 1361 1135 1419 Chri-
1157 1378 1228 1431 pore
1251 1364 1351 1419 mortis
1376 1365 1461 1434 bajus
1483 1366 1527 1420 uel
1551 1382 1619 1419 suae
1644 1366 1797 1420 uoluntatis
1814 1367 1913 1421 rirtrde
1931 1376 1993 1423 tan·

259 1433 365 1523 aises.
412 1449 489 1521 urge
519 1448 576 1504 sus
602 1449 709 1505 neone
734 1450 763 1504 n
792 1449 893 1505 :umen
921 1449 1053 1506 Aemus
1081 1449 1136 1504 fur:
1161 1464 1243 1516 emm
1270 1451 1326 1503 nes
1348 1453 1390 1505 as
1408 1451 1460 1507 eos
1482 1435 1651 1520 effidem,
1680 1453 1723 1506 ee
1750 1453 1838 1522 spuo
1864 1455 1993 1523 corporo

307 1533 437 1604 christus,
454 1534 585 1591 videlicet
602 1541 710 1591 tantum
726 1536 833 1593 ratione
850 1537 982 1608 corporis,
998 1537 1054 1591 alia
1069 1552 1135 1591 vero
1160 1542 1254 1604 morte,
1273 1538 1325 1590 sed
1340 1538 1435 1606 pratia
1454 1539 1535 1592 DEI
1548 1555 1602 1608 per
1621 1538 1768 1608 dimotum,
1788 1540 1865 1609 quod
1882 1556 1939 1593 non
1955 1541 1993 1594 sit

306 1619 380 1687 Iovi,
404 1621 537 1678 videlicet
554 1622 662 1678 ratione
685 1622 808 1692 corporis
826 1627 854 1677 et
872 1622 988 1678 animae.
1022 1621 1135 1693 Excipit
1160 1622 1257 1676 anima
1274 1623 1337 1678 ulla
1354 1624 1385 1677 in
1400 1639 1500 1692 ponere
1518 1626 1654 1689 bumana,
1679 1625 1726 1680 cui
1740 1642 1795 1679 non
1812 1626 1850 1679 eit
1867 1641 1992 1680 necessa·

304 1707 496 1762 Bellarminus:
516 1706 657 1761 C'bristum
674 1710 765 1773 fecisse
781 1709 812 1763 in
832 1708 931 1763 lumbis
941 1709 1076 1764 Abrabae
1092 1725 1133 1762 se·
1158 1707 1220 1761 rius
1233 1709 1276 1762 ad
1287 1709 1479 1764 liberationem
1492 1700 1636 1765 media'tor
1647 1712 1707 1766 Dei
1717 1719 1743 1765 et
1756 1711 1903 1776 bominum,
1916 1714 1994 1781 quod

303 1795 418 1847 cendam
439 1795 589 1848 maur-iam
609 1796 719 1864 carnii,
745 1813 801 1849 non
826 1798 975 1850 secundum
997 1797 1133 1850 rationem
1159 1810 1337 1864 quaecunque
1362 1797 1458 1849 anima
1474 1797 1534 1851 sins
1550 1798 1647 1866 pratia
1667 1799 1833 1852 mediatoris
1850 1806 1875 1852 et
1895 1815 1992 1853 sacra·

304 1880 472 1945 seminalem,
503 1881 573 1933 Leoi
598 1889 689 1934 moen
712 1882 862 1936 amandum
885 1890 1038 1951 utrumque.
1079 1882 1132 1937 Re
1159 1888 1246 1934 mesto
1270 1882 1331 1950 ejus
1355 1883 1386 1935 in
1409 1883 1532 1952 qssalibet
1556 1885 1684 1954 corporis
1706 1893 1799 1939 aetate
1822 1887 1858 1939 ds
1874 1902 1993 1954 corpore

305 1966 481 2035 spondemus:
508 1965 684 2036 Rectissime,
710 1967 759 2022 illa
782 1973 874 2022 autem
898 1967 969 2022 ratio
993 1967 1132 2023 seminalis
1160 1967 1264 2035 enierit,
1283 1974 1309 2022 et
1327 1969 1356 2022 in
1368 1986 1464 2040 poena
1482 1971 1519 2024 sit
1535 1971 1644 2041 futura
1663 1977 1690 2026 et
1705 1972 1805 2026 ultim
1816 1972 1931 2041 judicio
1947 1987 1991 2025 re-

305 2051 382 2105 totins
407 2051 554 2121 compositi
573 2052 777 2122 generationem
795 2053 1000 2124 complectitur,
1023 2052 1131 2126 drapo
1158 2060 1273 2121 ceptura
1297 2053 1399 2125 eorpus
1419 2058 1460 2109 ud
1471 2073 1607 2127 poenam,
1635 2075 1706 2127 puae
1723 2066 1815 2112 numm
1830 2066 1897 2129 post
1913 2074 1992 2126 pcne-

306 2157 349 2197 noe
372 2135 428 2206 γὰρ
453 2132 722 2211 ἄνθρωποιγεννᾷ.
766 2144 789 2193 t.
814 2138 898 2209 Phys.
923 2155 1028 2193 across.
1056 2156 1079 2194 c.
1107 2145 1130 2195 2.
1157 2140 1295 2193 rabonem
1319 2141 1469 2196 humanam
1494 2159 1527 2197 eo
1551 2145 1663 2198 Adamo
1687 2146 1798 2209 factam
1823 2145 1856 2198 in
1881 2143 1991 2198 Christo
2066 2209 2068 2218 γ

307 2222 385 2277 Filius
410 2221 467 2278 Dei
497 2237 552 2277 non
581 2223 694 2295 quidm
719 2229 763 2279 est
788 2240 821 2279 ex
843 2224 916 2278 virili
939 2225 1044 2282 semine
1067 2241 1132 2280 con·
1157 2234 1340 2296 reponeretur,
1357 2230 1398 2281 ad
1411 2230 1472 2297 eires
1485 2231 1627 2299 pertineat
1644 2230 1809 2294 societatem,
1829 2237 1854 2284 et
1867 2230 1990 2300 regaliam
2003 2230 2101 2275 12²⁸!-

309 2315 408 2380 ceptus,
433 2309 484 2364 sed
501 2309 622 2366 mirabili
639 2310 758 2381 Spiritus
775 2311 865 2366 sancti
882 2311 929 2365 int
947 2311 997 2379 τὴν
1016 2310 1133 2384 Macedo
1154 2320 1218 2380 post
1237 2321 1352 2367 mortem
1370 2314 1498 2384 eorporis
1515 2316 1553 2370 sit
1571 2316 1708 2385 babimra,
1727 2324 1752 2370 st
1768 2333 1872 2386 corpus
1883 2316 1990 2385 adplo-

310 2394 464 2457 ἐπελθόντος
488 2395 600 2464 udaie}
617 2413 652 2452 ex
674 2396 853 2452 sanctificatis
874 2397 962 2468 ipsius
981 2397 1132 2453 visceribus
1156 2399 1230 2452 mom
1243 2407 1398 2470 recepturo.
1424 2403 1505 2456 Haec
1521 2402 1616 2456 omnia
1629 2418 1658 2457 se
1670 2404 1833 2473 firmissime
1846 2404 1881 2456 de
1894 2404 1991 2457 anima

311 2499 407 2538 wnem
433 2482 487 2536 sibi
510 2482 614 2547 induit,
640 2483 749 2538 interim
767 2483 836 2538 haec
857 2499 921 2538 cero
939 2483 994 2539 fuit
1010 2484 1132 2539 ammata
1157 2492 1248 2540 tanae
1265 2487 1440 2555 Aupustinus
1457 2489 1535 2552 dicit.
1554 2505 1688 2558 macerem
1705 2497 1799 2543 autem
1816 2490 1865 2542 ubi
1881 2498 1991 2544 contra

312 2583 376 2638 caro;
402 2586 459 2624 nou
477 2568 551 2623 enim
567 2568 673 2623 nudum
691 2585 804 2640 corpus,
832 2569 881 2625 sed
899 2575 987 2625 totam
1005 2576 1132 2625 uacuam
1156 2572 1199 2640 ait
1214 2573 1311 2626 anima
1326 2581 1442 2641 reatum,
1459 2560 1514 2644 quo
1530 2575 1652 2629 trabitur
1667 2576 1699 2628 in
1714 2575 1992 2630 condemnationem!

313 2654 448 2711 mmanam
465 2654 496 2709 in
512 2653 601 2710 Maria
619 2662 647 2712 st
665 2672 699 2711 ex
712 2650 807 2710 'diaria
823 2655 911 2710 Pilius
923 2655 977 2711 Dei
995 2657 1131 2711 assumsit
1156 2657 1194 2711 Et
1210 2664 1320 2728 postem
1350 2660 1414 2728 Epo
1437 2661 1549 2729 quidem
1566 2668 1630 2715 ante
1647 2662 1756 2731 aliquot
1772 2679 1862 2715 annos
1878 2678 1940 2716 cum
1957 2663 1991 2717 li·

313 2741 422 2797 Tertium
431 2748 637 2814 argumentum:
648 2741 677 2798 Si
686 2742 765 2798 Deus
774 2744 880 2815 mimas
889 2748 965 2798 creat
974 2749 1002 2798 et
1010 2743 1133 2813 inspirat,
1157 2745 1221 2798 bros
1238 2747 1374 2813 qsiosdam
1391 2746 1538 2800 scriberem
1557 2747 1698 2801 delibero
1718 2747 1852 2813 arbitrio,
1870 2755 1992 2817 metuar

314 2834 437 2900 sequetur,
448 2828 541 2899 ipsum
553 2829 686 2884 adulteris
697 2834 726 2885 et
737 2829 890 2884 fornicariis
904 2829 932 2883 in
944 2829 1132 2900 procreatione
1157 2830 1301 2899 opiniones
1313 2831 1350 2884 de
1361 2833 1471 2885 animae
1484 2831 1688 2899 incarnatione,
1708 2841 1800 2887 utrum
1814 2850 1847 2887 ee
1858 2834 1912 2887 illa
1924 2852 1990 2903 una,

313 2913 413 2969 uminis
437 2914 588 2985 cooperari.
623 2913 735 2985 Excipit
755 2914 939 2969 Bellarminus
956 2916 987 2968 in
998 2916 1131 2983 sarnico-
1157 2931 1229 2985 quae
1244 2917 1341 2986 primo
1363 2917 1470 2970 bomini
1483 2916 1555 2971 ‘data
1573 2925 1622 2988 est,
1640 2925 1767 2972 caeterae
1782 2926 1992 2990 promentur,-

314 3002 371 3056 tione
389 3009 415 3055 et
432 3001 576 3055 adultmo
595 3001 652 3054 duo
669 2994 879 3055 cmtsideranda
896 3016 970 3070 esse,
995 3003 1130 3056 actionem
1157 3020 1195 3056 an
1213 3002 1333 3071 singulis
1353 3003 1505 3072 quibusque
1527 3019 1616 3056 nouae
1633 3004 1717 3081 etiam
1736 3006 1819 3059 modo
1832 3007 1924 3075 fiant,·
1951 3023 1989 3060 an

314 3088 659 3156 momociacensis
675 3087 814 3148 bumarsae
833 3095 858 3141 st
874 3089 971 3141 odeum
988 3095 1130 3159 transpre-
1156 3088 1263 3142 alieubi
1272 3088 1338 3157 jam
1355 3090 1514 3143 exsistentes
1530 3090 1676 3145 mittantur
1693 3091 1882 3146 diuinitusoel
1892 3099 1989 3163 moeste

314 3174 400 3228 dicistis
425 3174 517 3242 lepem
536 3174 595 3227 Dei
617 3173 648 3225 in
669 3172 723 3227 allo
745 3189 843 3242 opere,
865 3173 989 3243 primum
1006 3190 1065 3228 esse
1086 3175 1130 3229 bo·
1155 3175 1289 3233 labantur
1305 3174 1335 3228 in
1353 3191 1491 3245 corpora,·
1509 3175 1551 3230 ita
1568 3178 1673 3245 putam
1690 3180 1855 3232 nudandas
1870 3193 1943 3246 esse,
1959 3185 1990 3232 ut

313 3277 374 3331 sam,
399 3266 427 3314 st
452 3261 481 3313 ei
502 3260 572 3314 bono
597 3261 692 3314 Deum
716 3260 872 3330 cooperari.
906 3258 1130 3331 Respondemus:
1157 3261 1481 3332 quaelibetearumoera
1494 3264 1803 3333 eeset,nonimpediret
1813 3265 1990 3319 intentionem

313 3344 355 3401 ilos
371 3353 537 3419 argumento
555 3346 603 3401 illo
622 3364 678 3403 non
695 3347 807 3412 utimur,
825 3364 889 3403 nam
907 3348 931 3402 si
949 3348 995 3403 vel
1012 3351 1130 3406 maxime
1157 3364 1252 3417 meam,
1262 3351 1533 3419 qrsatuncadaersus
1540 3350 1857 3420 Manichaeosopebam.
1870 3353 1990 3407 Namde

312 3440 435 3489 minatur
451 3432 558 3487 animm
575 3433 736 3505 propagari,
754 3441 847 3490 tamen
864 3434 894 3489 id
910 3452 966 3490 non
983 3435 1015 3492 fit
1025 3437 1131 3509 absque
1156 3436 1386 3489 Priscillianistis
1396 3436 1489 3489 adbuc
1499 3436 1572 3490 nihil
1583 3439 1740 3508 audieram,
1751 3439 1861 3508 quinon
1873 3440 1990 3494 multum

313 3518 402 3575 efficaci
419 3518 476 3575 Dei
495 3518 688 3575 benedictione
705 3525 734 3575 et
751 3526 868 3576 naturae
891 3537 910 3576 a
933 3538 963 3577 se
987 3522 1130 3579 institutae
1156 3523 1192 3575 ab
1205 3522 1269 3576 istis
1281 3522 1433 3576 dissimiles
1445 3523 1632 3593 blaspbemias
1643 3525 1819 3593 fabulantur,
1833 3526 1897 3578 ideo
1910 3526 1988 3595 quin-

312 3605 635 3676 conserratione3·cadem
652 3624 719 3679 ergo
739 3606 889 3662 difficultas
906 3608 987 3679 redit,
1006 3626 1056 3663 our
1078 3610 1129 3663 illi·
1155 3617 1214 3663 tam
1236 3609 1395 3679 opinionem
1420 3619 1476 3663 non
1499 3610 1617 3678 addidi,
1640 3628 1724 3679 msam
1746 3611 1776 3664 in
1799 3618 1848 3664 tua
1867 3612 1988 3680 epistola

313 3690 360 3746 citis
379 3699 563 3748 scortatorum
586 3697 615 3748 et
636 3693 822 3749 adulterorum
840 3695 1035 3766 congressibus
1052 3695 1129 3753 Deus
1156 3697 1388 3762 commemorasti,
1413 3697 1490 3765 quod
1512 3697 1608 3750 anima
1634 3714 1690 3750 non
1712 3698 1750 3749 sit
1769 3714 1842 3767 pars
1860 3699 1921 3753 Dei
1937 3702 1987 3755 cto.

313 3776 457 3848 bmedicat,
484 3795 569 3850 quam
587 3778 780 3834 difficultatem
797 3780 883 3835 allata
899 3780 1039 3837 disfinctio
1054 3789 1129 3837 recte
1155 3782 1219 3836 Hoc
1235 3781 1331 3850 capo
1355 3789 1465 3850 eccepto
1490 3781 1646 3836 haereticae
1665 3783 1806 3851 opinionis
1825 3801 1932 3848 errore,
1956 3800 1989 3839 en

313 3865 423 3935 explicat
459 3863 610 3937 Augurem
632 3866 711 3936 epist
734 3870 775 3922 28.
800 3866 897 3921 hudat
922 3866 1010 3922 simile
1031 3867 1128 3923 Hiero
1155 3876 1277 3937 mutuor
1294 3866 1412 3935 reliquis
1436 3868 1613 3936 opinionibus
1636 3885 1771 3937 quaenam
1790 3869 1922 3939 stipenda
1942 3870 1988 3936 sit,

313 3952 374 4020 tymi
399 3952 475 4021 (non
500 3968 561 4005 esse
585 3952 682 4005 citium
707 3955 835 4005 renuntia
859 3954 890 4006 in
914 3955 1023 4021 tritico,
1053 3958 1130 4023 proed
1155 3955 1225 4007 scire
1237 3954 1377 4007 desidero.
1398 3954 1499 4009 Postea
1513 3956 1677 4012 senoentiam
1689 3956 1724 4012 de
1737 3957 1875 4013 creatione
1885 3958 1988 4014 auima-

314 4036 376 4094 dcto
392 4037 499 4092 elicitur
517 4053 576 4091 esse
592 4038 739 4106 sublatam,
759 4038 851 4091 sedin
864 4055 904 4106 eo,
923 4040 972 4108 qui
985 4042 1128 4106 frumenta
1154 4058 1216 4095 rum
1234 4038 1355 4110 explicat
1371 4046 1400 4094 et
1416 4048 1581 4112 argumenta
1597 4042 1735 4097 contraria
1753 4042 1859 4099 diluere
1882 4043 1988 4115 nititur,

310 4122 410 4184 suam
428 4132 476 4189 est,
496 4140 545 4177 nee
561 4124 669 4177 idcirco
688 4131 792 4180 umam
809 4141 865 4177 non
880 4125 1006 4180 debuisse
1024 4128 1129 4194 premio
1155 4126 1205 4182 sed
1221 4125 1315 4181 addit:
1342 4143 1403 4179 cum
1426 4128 1467 4180 ad
1484 4144 1592 4196 poenas
1612 4138 1721 4183 sentum
1742 4138 1782 4184 eet
1793 4132 1988 4201 pomulorum,

314 4222 352 4262 rso
366 4210 471 4264 semina
488 4209 652 4272 confovere,
671 4209 739 4277 quia
757 4217 837 4263 sator
852 4210 997 4264 immunda
1014 4226 1049 4265 ea
1062 4229 1129 4281 pro·
1156 4214 1255 4281 mapsa,
1273 4213 1342 4266 mibi
1359 4215 1449 4277 mede,
1468 4222 1597 4268 coaretor
1615 4217 1770 4285 anqustiis,
1790 4234 1840 4271 nec
1857 4218 1928 4286 quid
1945 4234 1988 4271 re-

312 4292 396 4359 jecen't
414 4296 519 4363 omna)
538 4300 567 4350 et
586 4293 677 4348 addit:
696 4295 866 4362 peneraliter
884 4297 1025 4350 intuemur
1041 4300 1129 4353 multa
1155 4300 1308 4368 spondeam
1327 4316 1448 4369 prorsus
1470 4300 1579 4353 invenio
1604 4307 1655 4356 etc.
1691 4302 1780 4359 Dicet.
1791 4319 1871 4356 nemo
1896 4303 1989 4359 faciat

260 4410 262 4457 p
317 4379 373 4436 bosa
387 4384 480 4437 Deum
496 4382 593 4461 facere
620 4380 703 4434 diam
722 4382 759 4434 de
780 4383 884 4435 noscis
907 4383 991 4437 malis
1015 4387 1130 4440 nostris·
1157 4387 1294 4455 optando,
1319 4393 1350 4438 ut
1366 4402 1459 4438 naum
1472 4387 1520 4450 sit,
1540 4388 1616 4456 quod
1633 4403 1727 4440 oerum
1745 4406 1800 4442 non
1818 4395 1873 4457 est,
1895 4396 1993 4442 tamen-

318 4483 356 4536 φο
366 4470 496 4539 peccatis
532 4467 614 4533 Quod
632 4467 656 4521 si
673 4467 781 4539 reliqua
797 4477 968 4540 argumenta,
985 4488 1057 4543 quae
1068 4490 1130 4544 pro·
1156 4472 1184 4527 si
1192 4472 1262 4539 fieri
1274 4478 1378 4541 posset,
1397 4478 1530 4541 optarem,
1547 4481 1578 4525 ut
1596 4473 1665 4527 baec
1680 4475 1814 4528 sententia
1827 4492 1894 4528 nera
1910 4483 1988 4545 esset,

319 4556 475 4626 negationem
499 4555 653 4610 animarum
672 4553 848 4623 confirment,
876 4559 1037 4627 praesertim
1059 4558 1129 4613 illud
1155 4559 1227 4612 siem
1244 4564 1318 4627 opto,
1336 4564 1367 4610 ut
1384 4558 1412 4611 si
1428 4571 1494 4610 vera
1513 4564 1565 4625 est,
1583 4558 1634 4610 obs
1653 4567 1680 4612 te
1699 4560 1886 4629 liquidissime
1904 4569 1988 4631 atque

260 4657 261 4691 i
320 4638 495 4714 deoriginalis
511 4641 619 4713 peccati
640 4641 855 4712 propagatione,
879 4648 937 4697 tam
954 4643 1029 4697 facili
1046 4661 1129 4716 nego·
1155 4644 1334 4698 invictissime
1352 4644 1532 4706 defendatur.
1559 4642 1649 4713 Epist.
1673 4651 1729 4701 157.
1748 4647 1784 4701 ad
1796 4646 1905 4718 Optat:
1925 4649 1988 4702 Sin·

321 4723 349 4779 tio
369 4728 433 4783 solvi
457 4733 586 4800 possent,
617 4733 649 4782 ut
672 4727 725 4782 hoc
751 4728 854 4799 ipsum,
878 4728 992 4785 haberet
1007 4748 1058 4785 nos
1076 4731 1129 4788 sibi
1156 4731 1297 4785 ceritatem
1314 4736 1392 4783 tuam
1408 4730 1482 4782 scire
1499 4730 1577 4801 colo,
1604 4732 1635 4784 in
1658 4739 1717 4786 tam
1736 4735 1830 4788 multis
1848 4734 1988 4804 opsmculis

322 4808 482 4869 Besssrminus
499 4813 675 4888 ὁμοψήφους.
1156 4818 1224 4871 mas
1241 4831 1382 4885 nunpscam
1404 4830 1447 4868 nse
1462 4816 1552 4879 fuisse
1575 4834 1675 4871 amum
1698 4820 1734 4873 de
1760 4821 1812 4873 bac
1828 4821 1989 4889 quaestione

259 4891 305 4964 icti
349 4905 393 4957 lto.
426 4900 558 4967 Quintam
580 4901 761 4968 sententiam,
790 4917 861 4971 pesae
885 4899 988 4971 ἐποχὴν
1008 4902 1054 4956 liic
1073 4921 1130 4956 am·
1156 4901 1303 4974 (originem
1330 4900 1439 4956 animae
1465 4908 1658 4972 concernente)
1686 4907 1830 4974 definitam
1855 4908 1989 4976 proferre

259 4965 290 5054 ζ
322 4983 430 5048 Mur
449 4996 533 5057 atque
551 4988 687 5055 mnam
703 4988 814 5040 animae
831 4987 919 5041 latere
933 4988 1045 5052 statuit,
1071 4990 1130 5043 Aa
1157 4988 1335 5053 sententiam,
1361 5004 1481 5056 mmmm
1505 4997 1597 5044 autem
1621 5008 1714 5045 rerum
1738 5000 1822 5061 atque
1838 5010 1989 5046 causarum

259 5064 301 5155 ξ·
325 5074 411 5132 maino
427 5073 526 5127 tribuo
537 5071 738 5141 Bellarminus,
757 5073 798 5126 ita
816 5080 907 5125 tamen
923 5080 955 5125 ut
971 5075 1065 5127 verior
1076 5075 1133 5144 ipsi
1157 5075 1383 5129 consideratione
1395 5076 1571 5144 perneciosae,
1586 5084 1616 5129 ut
1629 5078 1659 5129 in
1671 5085 1797 5130 neutram
1809 5078 1989 5132 assertionem

259 5168 305 5214 tn
325 5155 369 5209 tiso
389 5162 479 5224 fuerit
507 5160 664 5213 animarum
692 5160 814 5227 creatio,
846 5176 930 5229 mam
952 5161 1133 5230 propapatio.
1157 5178 1232 5215 mass
1249 5160 1400 5214 inclinetur·
1419 5178 1557 5229 assensus,
1575 5163 1627 5215 sed
1645 5162 1737 5215 aditam
1756 5162 1830 5215 inter
1845 5170 1990 5234 unamque

326 5234 522 5317 mmmmm:
550 5245 617 5301 rui:
634 5226 816 5317 ‘sumnus
839 5245 868 5299 n
891 5245 943 5299 ese
972 5248 1133 5317 quaestione
1158 5248 1318 5315 cesserim,
1339 5246 1422 5300 amo
1440 5246 1553 5316 cupam
1571 5255 1611 5302 m
1631 5248 1797 5317 oenum,
1822 5256 1848 5303 e
1866 5249 1894 5302 e
1910 5252 2002 5320 cepo,

326 5322 403 5388 dubim
426 5339 513 5405 atque
535 5332 670 5403 incertus,
697 5332 806 5387 interim
830 5337 922 5386 tamen
944 5334 1031 5402 probe
1054 5334 1132 5398 vidit,
1158 5335 1268 5387 animae
1283 5333 1386 5397 lateat,
1413 5334 1480 5386 dum
1500 5341 1592 5387 tamen
1610 5335 1745 5387 redemtio
1765 5335 1884 5404 clarem,
1911 5339 1988 5406 peri-

326 5418 408 5478 nese
428 5418 573 5491 originalis
595 5418 825 5490 propagationem
848 5417 953 5489 absque
980 5389 1248 5492 animarumieulum
1271 5437 1327 5472 non
1352 5426 1400 5472 est.
1443 5418 1516 5473 Ibid.
1548 5421 1669 5488 Aliquid
1692 5429 1797 5474 certum
1820 5423 1856 5476 de
1878 5423 1989 5477 animae

325 5507 501 5578 Pwpsgatione
534 5511 630 5560 contra
655 5504 802 5575 Pelagium
836 5503 986 5560 difficulter
1020 5505 1132 5562 defendi
1157 5505 1266 5574 oripine
1294 5506 1417 5558 nondum
1441 5506 1471 5558 in
1499 5504 1656 5573 Scnpturis
1686 5508 1828 5561 canonicis
1857 5509 1987 5579 comperi.

324 5595 391 5650 Ma
431 5593 588 5649 Audiamus
607 5591 698 5663 ipsum
717 5591 837 5661 August.
863 5589 909 5644 lib.
930 5595 953 5645 2.
973 5590 1008 5647 de
1025 5599 1131 5662 peccat.
1157 5592 1228 5648 ibid.
1260 5592 1451 5645 Promtissime
1475 5609 1509 5645 ac
1533 5592 1712 5646 libentissime
1737 5595 1905 5658 defensurus
1927 5612 1989 5648 eum

324 5675 389 5733 mede
416 5695 440 5734 c.
468 5668 516 5735 isti:
551 5678 605 5732 Ubi
630 5679 667 5732 de
691 5693 723 5730 re
748 5677 944 5730 obscurissima
968 5678 1069 5747 (qualis
1089 5684 1132 5733 est
1157 5677 1329 5748 (Hieronymi
1358 5677 1522 5732 sententiam
1548 5678 1583 5733 de
1602 5678 1755 5735 animarum
1772 5680 1936 5751 creatione),
1961 5681 1989 5732 si

323 5766 424 5824 imtttio
441 5765 478 5821 de
494 5765 602 5819 animae
619 5763 737 5836 origine)
754 5770 899 5825 tractatur,
917 5781 974 5818 non
992 5765 1130 5833 adjuvan·
1155 5783 1198 5820 ms
1217 5767 1317 5820 docere
1332 5765 1465 5832 potuerit,
1484 5766 1622 5833 qsmmodo
1640 5767 1751 5820 animae
1762 5785 1819 5821 non
1831 5783 1864 5820 ea
1874 5766 1987 5819 Adamo

322 5842 376 5903 filas
398 5852 560 5906 &munim
579 5849 792 5921 Scripturornm
816 5849 900 5904 certs'e
922 5850 1063 5920 clarisque
1080 5853 1130 5905 do-
1154 5853 1274 5917 oeniant,
1292 5857 1428 5904 ettamen
1446 5866 1479 5904 ec
1496 5850 1548 5905 illo
1559 5851 1669 5920 justam
1683 5860 1785 5906 sortem
1796 5851 1988 5906 damnationis
