5017 6675
960 640 1012 698 DE
1029 636 1203 698 Paocauo
1221 636 1433 697 omentum.
1980 624 2041 709 135

345 796 487 865 petionem
502 797 544 850 ad
556 804 679 851 morien.
700 796 765 854 Alb.
779 796 897 870 Piggius
915 801 1081 853 controvers.
1091 790 1194 887 prima:
1202 792 1318 860 peccati
1334 795 1481 865 rationem,
1499 797 1639 866 promodo
1655 813 1721 865 erqo
1739 795 1833 851 renati
1844 796 2044 867 propaqabunt

347 883 380 938 de
407 889 516 956 peccat
542 882 610 956 orig.
636 890 664 940 et
683 884 779 939 Ambr.
796 884 964 941 catharinae
979 883 1027 938 lib.
1047 884 1082 939 de
1099 883 1193 954 lapsu¹
1206 879 1236 932 in
1253 878 1383 949 p'osterac
1402 883 1541 952 oriqinole
1551 885 1718 953 peccatum!

344 969 447 1025 homin.
476 977 504 1025 et
531 976 637 1041 peccat
664 971 733 1043 orig.
762 987 785 1025 c.
813 976 836 1025 6.
866 974 1008 1039 statuunt,
1032 977 1180 1039 peccatum
1240 971 1281 1022 59.
1325 966 1568 1025 considerabimus
1598 968 1652 1024 hoc
1682 968 1742 1024 loeo
1774 968 1909 1040 quasdam
1937 968 2042 1025 Bellar·
2056 967 2145 1011 ΜΝ·

344 1056 464 1125 oriqinis
490 1072 546 1109 non
571 1056 672 1110 babere
698 1073 793 1110 amam
811 1057 925 1127 peccati
948 1057 1100 1125 rationem,
1129 1050 1272 1127 cedmiui
1293 1051 1478 1125 hypotheses,
1501 1070 1574 1128 quae
1599 1071 1662 1109 cum
1688 1053 1851 1110 orthodoxia
1871 1054 1982 1109 articuli
2006 1054 2042 1109 do
2055 1020 2171 1112 illidii

344 1158 399 1196 esse
417 1149 526 1195 unnim
544 1150 660 1210 reatum,
679 1159 733 1210 qno
745 1142 858 1213 posteri
864 1142 1021 1212 primorum
1031 1148 1180 1211 parentum
1204 1137 1333 1208 originali
1343 1146 1460 1210 peccato
1474 1140 1522 1195 rix
1533 1146 1664 1212 poterunt
1681 1139 1838 1195 conciliari:
1857 1145 1879 1195 l.
1893 1149 2042 1211 peecatum
2054 1122 2134 1223 ξῖξξζ

342 1235 459 1299 propter
496 1228 745 1297 transqreesianem
774 1229 890 1283 illorum
913 1229 1091 1298 primaevam
1119 1227 1179 1280 sine
1204 1224 1384 1280 ‹adiralenon
1397 1234 1493 1296 potest
1508 1243 1686 1297 cormmpere
1701 1228 1778 1280 dana
1792 1226 1912 1280 bominis
1927 1235 2042 1281 natura·

344 1314 440 1383 aliquo
459 1313 528 1367 nitio
544 1312 663 1383 proprio
681 1321 707 1367 et
725 1313 884 1367 inhaerente
904 1321 1024 1367 naturae
1036 1311 1179 1383 pravitate
1205 1309 1262 1378 tia,
1285 1308 1346 1365 libr.
1370 1317 1393 1367 1.
1419 1312 1455 1368 de
1476 1319 1547 1386 grat.
1565 1313 1645 1385 prim.
1666 1312 1739 1367 hom.
1756 1328 1781 1367 c.
1800 1317 1823 1366 6.
1860 1311 1950 1384 Atqui
1970 1311 2042 1370 Scri·

345 1399 469 1453 decincti
492 1406 641 1453 teneonter.
677 1400 767 1465 Quam
785 1405 853 1454 sent.
871 1398 974 1454 Bellsr.
993 1405 1017 1453 5.
1035 1398 1070 1453 dc
1087 1396 1179 1452 amisa.
1204 1398 1288 1463 ptura
1312 1395 1406 1467 docet,
1430 1399 1570 1470 justitiam
1595 1398 1756 1471 originalem
1780 1396 1867 1454 fuisse
1886 1397 1974 1469 primo
1994 1398 2043 1455 ho·

344 1492 414 1557 grat.
446 1490 475 1539 et
503 1484 578 1539 stat·
593 1501 669 1556 pecc.
695 1501 720 1539 c.
746 1490 770 1540 6.
796 1484 955 1540 mollissime
982 1490 1064 1539 vocat
1088 1484 1180 1536 minus
1205 1480 1273 1534 mini
1289 1482 1453 1538 naturalem.
1489 1484 1566 1557 Ergo
1584 1503 1639 1541 non
1658 1484 1748 1555 potuit
1768 1500 1818 1555 per
1834 1483 1954 1555 primum
1963 1485 2044 1541 Adae

343 1579 457 1625 rectam.
493 1569 596 1625 Ruard.
614 1570 734 1641 Tepper.
760 1570 790 1625 in
814 1576 865 1626 art
888 1569 923 1625 de
947 1576 1061 1640 peccato
1082 1568 1179 1641 origin.
1205 1572 1352 1636 peccatum
1378 1569 1476 1624 amitti.
1520 1574 1546 1627 2.
1574 1572 1723 1625 Peccatum
1751 1578 1792 1624 eet
1818 1587 1919 1624 namen
1945 1588 2043 1639 opera·

343 1658 382 1712 sic
408 1656 520 1712 scribit:
547 1657 583 1710 Ira
602 1658 726 1728 paruulo
752 1674 848 1710 recens
875 1664 942 1710 nato
961 1656 1032 1710 nillil
1051 1656 1180 1724 inueniri,
1206 1653 1292 1707 tionis
1322 1656 1429 1724 malae,
1457 1674 1529 1726 prae
1559 1657 1711 1727 apponitur
1737 1657 1898 1726 operationi
1916 1657 2044 1722 uirtutis,-

345 1746 423 1814 quod
440 1761 504 1797 nere
523 1751 549 1796 et
560 1744 681 1813 proprie
690 1743 806 1817 peccati
817 1742 956 1797 rationem
969 1743 1076 1796 lrabeat.
1097 1742 1178 1798 Corn,
1207 1740 1303 1793 citium
1320 1748 1411 1794 autem
1429 1750 1470 1795 m
1486 1759 1585 1795 nomen
1604 1744 1716 1797 babitus
1735 1742 1813 1812 mali,
1832 1742 1882 1813 qui
1892 1744 2044 1813 opponitur

344 1829 448 1884 Canon.
465 1828 560 1884 Colon.
579 1834 644 1883 tom.
660 1835 683 1885 2.
703 1828 823 1883 animm.
843 1828 946 1901 disput,
960 1837 1106 1898 peccatum
1124 1829 1180 1884 ori-
1205 1826 1316 1896 airtoti‚
1340 1835 1372 1880 ut
1397 1828 1486 1881 uirtus
1512 1829 1637 1882 lubitum
1664 1829 1813 1895 siqaitcat.
1841 1835 1864 1886 1.
1892 1830 1926 1884 de
1950 1829 2042 1884 amisa.

343 1916 440 1985 qinole
459 1933 516 1969 nan
534 1932 592 1969 esce
607 1916 726 1985 proprie
741 1922 899 1984 peccatum,
925 1933 987 1969 cum
1003 1933 1060 1969 non
1077 1915 1115 1968 sit
1133 1917 1180 1967 de·
1207 1917 1278 1982 grat.
1305 1919 1333 1967 et
1353 1919 1415 1968 stat.
1438 1918 1543 1984 peccat.
1565 1928 1589 1969 c.
1611 1919 1632 1968 1.
1659 1913 1813 1970 Subsumo:
1840 1913 1869 1969 in
1888 1914 2043 1970 infantibus

337 2004 435 2068 sectus
459 2001 645 2070 perfectionis
670 2001 778 2056 bomini
802 2002 977 2055 necessariae
1001 2003 1042 2054 art
1065 1994 1180 2055 beatdra'
1207 2014 1263 2051 non
1289 2005 1332 2054 est
1356 1999 1479 2070 operatio
1503 2000 1591 2070 mala,
1620 2016 1690 2072 quae
1714 2007 1871 2071 opponatur
1889 2001 2043 2072 operationi

344 2087 454 2149 dinem,
480 2086 653 2155 pravitatem
676 2104 730 2140 non
756 2102 814 2139 esse
839 2086 1061 2141 haereditariam
1086 2103 1137 2140 nec
1161 2104 1179 2139 a
1207 2083 1325 2140 virtutis.
1365 2084 1440 2156 Ergo
1467 2101 1523 2140 non
1553 2086 1606 2140 erit
1633 2085 1661 2139 in
1690 2086 1730 2139 eis
1758 2094 1905 2157 peccatum
1931 2088 2043 2158 proprie

340 2173 508 2243 parentibus
527 2172 557 2225 in
577 2172 678 2225 liberos
696 2173 850 2226 transmitti
863 2190 956 2242 passe,
976 2191 1037 2226 enm
1056 2173 1114 2242 ipsi
1125 2172 1180 2225 sint
1208 2169 1322 2224 dictum.
1362 2174 1389 2225 3.
1415 2172 1498 2226 Nubit
1520 2172 1602 2226 babet
1622 2174 1740 2243 proprie
1765 2174 1903 2227 rationem
1921 2175 2043 2242 peccati,

340 2259 474 2328 purqati5
494 2259 570 2311 salos
590 2274 644 2326 eos,
662 2257 713 2327 qui
729 2275 781 2310 usu
793 2258 914 2311 rationis
928 2276 963 2311 ac
975 2257 1059 2312 liberi
1068 2258 1183 2311 arbitrii
1207 2256 1266 2309 net
1287 2257 1324 2311 cit
1347 2257 1550 2327 uoluntarium,
1574 2260 1649 2311 unde
1666 2259 1696 2311 iu
1713 2259 1867 2327 Arrqrrstini
1883 2259 2043 2321 definitione

340 2345 473 2416 praediti
498 2351 574 2412 sunt,
607 2345 668 2412 leqe
693 2344 836 2413 obliqari:
864 2345 994 2398 insanum
1021 2361 1080 2399 esse
1106 2353 1132 2398 et
1150 2345 1179 2397 in
1208 2342 1259 2396 loc
1283 2342 1448 2397 desiderari
1471 2345 1598 2412 videtur,
1628 2346 1705 2415 quad
1729 2344 1886 2398 uoluntarii
1911 2362 2042 2415 expressa

343 2431 435 2484 Deum
461 2430 666 2500 blasphemum,
692 2429 720 2483 si
744 2429 872 2498 dicotur,
897 2430 1048 2499 ariqinalis
1070 2431 1183 2501 peccati
1208 2429 1308 2482 mentio
1334 2446 1390 2482 non
1414 2430 1451 2483 sit
1468 2430 1498 2483 in
1517 2446 1551 2483 ea
1564 2433 1660 2498 facta.
1692 2430 1763 2486 Ibin
1786 2428 1936 2487 Subsumo:
1966 2431 2043 2489 labes

339 2498 512 2586 pravitatem
538 2532 632 2569 ornnes
658 2524 779 2571 naturae
803 2525 917 2570 nostrae
935 2524 1036 2587 portes
1060 2517 1101 2571 ita
1115 2535 1182 2588 per·
1208 2513 1351 2587 originalis
1372 2532 1427 2570 non
1450 2522 1493 2571 est
1517 2516 1688 2577 voluntaria.
1714 2526 1846 2589 sequetur
1863 2518 1944 2586 inde,
1969 2519 2044 2590 quod

344 2602 466 2670 eadem,
488 2609 519 2654 ut
542 2601 668 2654 omnibus
687 2602 810 2672 flaqitiir
835 2611 861 2656 et
885 2603 1047 2656 criminibus
1065 2603 1101 2657 sit
1121 2605 1180 2664 foe·
1208 2618 1264 2655 non
1284 2601 1320 2654 sit
1337 2608 1482 2671 peecatum
1498 2601 1615 2673 proprie
1641 2600 1671 2657 C.
1693 2607 1716 2656 2.
1738 2602 1815 2669 dicit,
1834 2621 1893 2658 esse
1912 2607 1963 2659 bac
1977 2624 2044 2676 pca-

346 2689 440 2740 cunda
467 2705 516 2741 nec
540 2689 634 2757 possit
661 2689 758 2758 aliud,
786 2707 870 2759 quam
892 2690 980 2744 ΠΕΟ
1006 2697 1031 2743 et
1060 2690 1116 2757 leqi
1138 2706 1181 2744 re·
1208 2694 1300 2740 cairan
1318 2689 1508 2741 voluntarium
1527 2690 1623 2742 aliena
1640 2688 1790 2745 voluntate.
1819 2690 1895 2761 Ergo
1914 2698 2044 2762 respectu

341 2790 474 2843 puqnare
495 2779 546 2829 etc.
1208 2772 1289 2828 Adae
1318 2780 1426 2829 tantum
1453 2772 1507 2827 init
1532 2774 1718 2829 voluntarium
1746 2782 1774 2829 et
1801 2775 1912 2846 proprie
1939 2777 2045 2833 dictum

263 2870 314 2913 isse
381 2865 423 2915 58.
465 2859 586 2932 Oblique
609 2859 816 2933 Pelagianismo
846 2859 968 2915 fomenta
994 2848 1129 2931 praebent
1154 2867 1183 2916 et
1208 2866 1361 2929 peccatum,
1380 2877 1435 2914 non
1453 2865 1545 2914 autem
1564 2866 1692 2929 respectu
1712 2859 1807 2928 nostri,
1828 2860 1894 2914 inde
1915 2869 2042 2932 prompte

259 2918 321 3008 {full}
345 2952 492 3017 peccatum
521 2945 636 3017 originis
666 2953 815 3001 extenuant
842 2944 1006 3002 Scholastici
1032 2952 1061 3001 et
1088 2944 1181 3002 Ponti·
1207 2951 1338 3014 sequetur
1355 2944 1495 2999 conclusio
1513 2944 1653 3000 Francisci
1672 2945 1871 3017 deMayronis‚
1889 2946 1964 3016 quod
1978 2963 2042 3016 pec·

260 3031 318 3112 333
345 3030 420 3099 ficiil
441 3030 507 3084 dum
524 3035 660 3101 statuunt,
679 3037 703 3086 1.
713 3040 857 3102 peccatum
876 3032 994 3100 oriqs'rris
1011 3033 1085 3087 nebel
1098 3034 1183 3087 aliud
1207 3037 1299 3083 catum
1332 3030 1452 3098 oriqinis
1486 3031 1523 3084 sit
1558 3032 1650 3085 minus
1685 3031 1798 3085 minimo
1838 3032 1945 3086 oeniali
1975 3050 2041 3104 pec·

259 3125 323 3163 reno·
346 3134 502 3186 essequam
521 3118 591 3170 doni
610 3118 760 3187 cujusdam
778 3118 1008 3186 supernaturalis
1018 3119 1182 3189 carentiam,
1206 3122 1277 3169 eata.
1314 3120 1338 3169 t.
1354 3116 1413 3169 Lea
1428 3117 1549 3187 proprie
1566 3135 1621 3171 non
1640 3118 1725 3171 datter
1743 3118 1802 3171 nisi
1818 3117 1863 3181 iis,
1882 3118 2043 3187 quitabunt

259 3177 296 3266 ,iil
309 3181 332 3215 ἰ
345 3202 437 3273 ipsam
461 3202 574 3257 interim
596 3211 729 3257 naturam
752 3203 872 3257 bominis
885 3221 991 3275 puram
1008 3211 1092 3274 atquae
1112 3206 1181 3258 inle-
1207 3220 1285 3255 usum
1304 3202 1389 3256 liberi
1404 3202 1524 3256 arbitrii.
1558 3202 1688 3259 Bellarm.
1708 3204 1756 3258 lib.
1777 3210 1799 3260 l.
1819 3203 1958 3260 domins.
1970 3210 2042 3278 grat

259 3291 271 3317 ¹·
344 3305 426 3357 qram
452 3290 603 3359 mansisse,·
630 3292 657 3343 2.
681 3291 747 3343 dum
774 3288 860 3344 libere
883 3290 918 3344 de
941 3293 980 3359 τῷ
1004 3289 1075 3345 sirm
1096 3292 1180 3362 liujus
1206 3294 1234 3344 et
1257 3295 1320 3345 stat.
1330 3298 1415 3362 pecc.
1434 3306 1458 3345 c.
1482 3293 1503 3344 l.
1529 3287 1681 3348 Subsumo:
1712 3289 1833 3347 infantes
1853 3290 1975 3348 nondum
1994 3292 2041 3349 ha·

341 3376 455 3444 peccati
475 3377 623 3447 disputant
643 3394 677 3430 ac
694 3377 897 3448 disputandum
912 3377 1084 3448 relinquunt,
1102 3397 1136 3433 ae
1154 3381 1182 3433 si
1200 3363 1273 3432 'bent
1290 3394 1371 3432 usum
1388 3376 1471 3432 liberi
1483 3377 1599 3434 arbitrii.
1629 3376 1705 3449 Ergo
1720 3376 1754 3430 iis
1766 3377 1878 3448 proprie
1891 3394 1947 3433 non
1960 3378 2043 3434 datur

346 3471 414 3515 esset
431 3478 477 3514 res
493 3463 674 3532 quaestionis,
693 3482 749 3517 non
758 3463 837 3533 fidei.
862 3462 1023 3518 Andradius
1036 3463 1084 3520 lib.
1094 3470 1119 3520 3.
1134 3465 1179 3522 de
1206 3463 1259 3528 lex,
1278 3469 1305 3519 et
1322 3480 1373 3536 per
1390 3480 1570 3536 consequens,
1589 3463 1618 3517 in
1637 3479 1683 3518 eos
1699 3463 1811 3534 proprie
1823 3481 1878 3517 non
1892 3464 1968 3519 cadit
1978 3482 2042 3537 peo-

344 3547 413 3602 iens.
438 3546 529 3602 Tria:
560 3550 723 3602 Admodum
753 3548 878 3604 illustres
903 3550 1026 3618 tlealoqi
1050 3551 1181 3607 laborant
1207 3555 1309 3615 catum,
1326 3550 1400 3620 quod
1419 3555 1462 3604 eet
1480 3549 1592 3622 iuopia.
1630 3547 1900 3611 nonadecima
1918 3557 1966 3615 est,
1985 3568 2042 3605 nan

346 3633 374 3686 in
393 3633 578 3703 explicatione
593 3636 708 3705 peccati
725 3634 875 3705 oriqinalis
892 3644 919 3689 et
938 3635 1178 3694 concil.·Trident.
1202 3642 1296 3706 potest
1318 3635 1349 3689 ia
1374 3635 1477 3689 crimen
1499 3632 1612 3701 vocari,·
1634 3634 1712 3702 quod
1733 3633 1765 3685 in
1782 3641 1920 3703 potestate
1943 3643 2042 3692 nostra

345 3736 406 3771 cum
425 3720 562 3789 ‹lefiniret,
576 3729 725 3791 peccatum
743 3721 862 3789 ariqiais
879 3738 942 3775 aere
960 3739 1018 3775 esce
1026 3733 1180 3793 preconem,
1205 3739 1262 3776 non
1285 3729 1337 3790 est,
1360 3721 1438 3774 circa
1460 3719 1538 3773 illaad
1560 3737 1616 3773 non
1629 3734 1793 3788 peccamus,
1817 3719 1888 3771 rictu
1906 3737 1982 3774 more
2001 3730 2042 3776 est

279 3847 281 3852 .
346 3804 426 3857 r'llius
457 3813 549 3858 tamen
572 3806 723 3876 propriam
751 3807 888 3861 rationem
915 3808 1041 3863 consulto
1067 3810 1180 3865 alentio
1203 3823 1297 3878 poena
1315 3813 1341 3859 et
1359 3807 1471 3876 effectus
1484 3805 1609 3875 peccati,
1632 3821 1689 3858 nan
1705 3811 1799 3858 autem
1812 3813 1973 3875 peccatum,
1998 3807 2041 3862 ita

346 3890 477 3958 incoluit;
503 3893 529 3944 3.
554 3893 621 3945 dum
646 3901 748 3960 neqant
775 3894 1040 3962 conmrpiscentiam,
1069 3895 1099 3948 in
1124 3914 1181 3964 qua.
1207 3891 1431 3961 concupiscentia
1454 3899 1493 3944 est
1515 3898 1622 3945 tantum
1636 3907 1731 3960 poena
1749 3898 1775 3944 et
1794 3891 1904 3961 effectur
1920 3892 2040 3961 peccati,

346 3977 386 4030 ais
409 3977 496 4046 lrrjos
521 3978 672 4047 ariqinalie
692 3979 804 4048 pcccati
826 3982 945 4032 manime
963 3980 1114 4052 conspicua
1133 3990 1181 4051 est,
1208 3996 1263 4032 non
1287 3984 1378 4031 autem
1389 3985 1538 4046 peccatum
1555 3984 1606 4032 etc.
1640 3975 1744 4031 Bellur.
1764 3975 2040 4048 adonaisama

348 4071 372 4115 et
395 4063 477 4132 crq'ra
505 4064 615 4117 nomine
641 4065 669 4120 d.
692 4064 837 4134 apostalae
860 4066 952 4136 speum
977 4066 1096 4135 oriqinis
1115 4084 1181 4137 pec·
1208 4069 1236 4118 et
1253 4066 1316 4117 stet
1336 4078 1412 4134 pecc.
1430 4079 1454 4116 a.
1467 4067 1492 4119 9.
1511 4061 1661 4119 snbsumo:
1678 4062 1830 4118 Peccatum
1847 4061 1961 4134 originis
1979 4069 2043 4134 post

348 4156 438 4201 catam
467 4150 582 4218 saepire
610 4149 757 4219 intelliqit,
782 4159 931 4221 peceatum
957 4168 1032 4221 esee,·
1062 4158 1087 4208 t.
1115 4154 1181 4207 dnm
1206 4147 1316 4218 lapsum
1340 4153 1382 4203 est
1402 4145 1507 4201 homini
1523 4147 1664 4215 naturale,
1690 4163 1780 4218 neque
1799 4153 1841 4201 est
1859 4147 1887 4200 in
1904 4152 2041 4217 potestate

347 4234 462 4287 liberum
489 4235 638 4287 arbitrium
662 4235 692 4288 in
710 4236 792 4288 rebus
810 4235 1008 4308 spiritualibus
1022 4239 1181 4307 perfectam
1207 4232 1329 4288 infantis.
1373 4232 1450 4304 Ergo
1476 4249 1533 4289 non
1558 4237 1601 4288 eat
1630 4235 1786 4302 peccatum.
1826 4234 1851 4285 6.
1870 4232 1907 4285 In
1927 4234 2041 4288 Aduma

347 4320 415 4388 lepis
439 4320 641 4390 impletionem,
665 4322 767 4374 merita
787 4323 921 4376 bonorum
940 4339 1069 4392 eperum,
1095 4341 1182 4394 opera
1203 4327 1320 4388 praeter
1345 4327 1437 4372 actum
1457 4317 1572 4389 peccati
1584 4317 1650 4385 fuit
1676 4317 1762 4370 etiam
1778 4318 1925 4385 paroemia
1945 4318 2041 4372 uolun-

347 4406 617 4476 eupereroqalz'onis,
648 4407 775 4460 meritum
810 4407 845 4459 de
879 4425 1002 4476 conqrua
1033 4415 1085 4463 etc.
1111 4427 1180 4479 pro·
1208 4405 1273 4457 tatic
1291 4412 1317 4457 et
1335 4405 1486 4474 obliquitas
1504 4419 1538 4458 ea
1556 4401 1666 4456 actione
1681 4401 1790 4468 relicta,
1804 4418 1860 4470 per
1878 4419 1962 4472 quarn
1975 4420 2042 4472 peo-

344 4499 484 4560 pnqnant,
511 4491 584 4546 adea
601 4498 632 4544 ut
653 4492 769 4562 qur'ciarn
787 4492 921 4562 scribant,
939 4496 1033 4548 Deum
1050 4510 1083 4548 ar
1097 4495 1182 4564 puris
1207 4498 1287 4544 cator
1299 4490 1420 4559 proprie
1438 4496 1464 4544 et
1480 4487 1646 4554 samaliter
1662 4486 1808 4540 dicebatur
1825 4494 1850 4541 et
1868 4495 1936 4558 erat,
1954 4489 2043 4542 donee

347 4578 523 4631 naturalibus
558 4594 643 4645 super
679 4579 773 4631 omnia
810 4595 829 4632 a
858 4579 937 4632 nobie
967 4579 1053 4648 deliqi
1078 4597 1182 4650 passe,·
1207 4577 1235 4629 ei
1247 4592 1304 4646 per
1316 4573 1521 4645 poenitentiam
1536 4572 1740 4640 remitteretur,·
1762 4581 1840 4626 actus
1854 4573 1968 4644 peccati
1986 4593 2042 4628 nan

348 4669 371 4718 5.
390 4666 457 4717 dum
473 4663 709 4732 propaqatianem
726 4666 839 4718 animae
857 4673 974 4734 ncqant,
994 4682 1066 4736 quae
1086 4673 1180 4722 tamen
1206 4662 1426 4717 communicatur
1446 4659 1525 4713 nobie
1540 4659 1600 4714 nisi
1610 4676 1667 4729 per
1683 4658 1903 4728 imputationem,
1921 4662 1973 4714 aed
1989 4660 2043 4714 illa

348 4760 387 4804 eet
405 4750 518 4819 isquiros
529 4748 666 4804 δεικτικὸν
673 4753 795 4822 peccati,
809 4757 880 4806 teste
893 4751 1000 4805 Thmm
1015 4757 1036 4808 1.
1054 4757 1079 4809 2.
1097 4769 1124 4824 q.
1140 4755 1180 4808 83.
1204 4748 1374 4817 perriersitas
1400 4754 1426 4800 et
1450 4745 1601 4815 obliquitas
1626 4762 1659 4799 ea
1682 4753 1746 4798 actu
1771 4745 1872 4800 relicta
1895 4746 1976 4798 nabis
2000 4747 2042 4801 in-

347 4843 396 4892 srt.
420 4844 449 4906 13
473 4837 584 4892 sublata
602 4838 689 4906 iqitur
708 4856 752 4908 eo,
772 4839 820 4893 eui
830 4839 951 4908 proprie
968 4847 994 4892 et
1007 4856 1062 4909 per
1079 4854 1109 4893 se
1126 4837 1180 4892 ali·
1206 4836 1310 4889 lueret.
1332 4832 1460 4889 Bellarm.
1472 4839 1496 4887 5.
1515 4832 1551 4889 de
1567 4832 1660 4890 omiss.
1673 4839 1743 4905 gret.
1757 4838 1785 4888 ct
1798 4839 1862 4890 stat.
1875 4849 1953 4904 pecc.
1964 4849 1988 4887 c.
2001 4839 2041 4889 ll.

347 4925 416 4994 quid
440 4909 593 4992 inluseras
609 4924 701 4993 ipsum
727 4924 815 4993 illud,
842 4927 920 4994 quod
946 4925 1087 4990 inhaeret,
1117 4921 1182 4978 tolli
1205 4919 1358 4977 Subsumo:
1379 4918 1505 4974 Adamas
1521 4925 1581 4974 turn
1594 4919 1703 4974 demum
1717 4918 1814 4991 genuit
1827 4915 1923 4984 filium,
1941 4919 2041 4974 cumei

346 5027 453 5064 neccsse
478 5017 536 5078 cst,·
561 5013 586 5064 6.
605 5011 672 5062 dam
696 5010 855 5074 infantibus
872 5011 975 5080 absque
994 5009 1129 5078 baptismo
1147 5025 1180 5062 ea
1205 5005 1481 5082 perpoenitentiam
1509 5012 1656 5086 peccatum
1678 5009 1750 5060 esset
1772 5003 1925 5058 remissum.
1965 5003 2042 5075 Ergo

346 5096 399 5150 lac
419 5097 477 5148 aito
497 5095 692 5149 decedentibus
711 5096 803 5150 lacurn
814 5097 954 5167 quendam
966 5096 1083 5164 beatum,
1102 5102 1180 5147 entra
1206 5092 1414 5164 perversitatem
1439 5097 1468 5147 et
1490 5089 1681 5163 obliquitatem
1707 5090 1784 5144 illam
1806 5087 1836 5141 in
1852 5086 1923 5143 filios
1941 5105 2040 5160 propa·

346 5191 577 5248 tamenreqnum
597 5180 656 5234 Dei
678 5181 836 5266 perimant,
856 5182 978 5252 perinde
993 5188 1025 5235 ut
1042 5180 1110 5234 olim
1127 5180 1180 5233 Pe·
1206 5194 1273 5250 garo
1295 5195 1351 5233 non
1373 5177 1472 5249 potuit.
1514 5177 1593 5233 Idem
1616 5175 1754 5247 judicium
1779 5172 1813 5228 dc
1841 5173 1968 5229 omnibus
1990 5189 2042 5245 por

346 5267 457 5336 laqius,·
478 5273 499 5322 7.
513 5268 581 5320 dum
599 5273 702 5335 neqant
721 5283 816 5321 omnes
835 5276 862 5322 et
880 5267 1004 5336 einpulos
1020 5284 1053 5320 ee
1066 5265 1179 5320 Adamo
1206 5263 1375 5335 baptismum
1397 5263 1515 5332 rastis,
1543 5262 1572 5317 in
1596 5260 1696 5334 quibus
1715 5261 1803 5329 ipsam
1822 5260 1928 5329 peccati
1946 5275 2039 5314 macu-

345 5356 496 5408 sccundum
521 5353 700 5407 ordinarium
716 5359 838 5407 murae
855 5371 966 5409 carerem
984 5353 1180 5406 descendentes
1205 5351 1261 5404 lam
1281 5349 1411 5406 abolitam
1424 5366 1485 5406 esse
1496 5348 1681 5404 Bellarminus
1695 5345 1826 5418 disputat.
1855 5349 1877 5399 7.
1891 5346 2041 5400 Peccatum

346 5440 376 5493 in
394 5449 420 5493 et
440 5458 501 5494 curn
514 5448 634 5510 peccata
652 5438 740 5493 nasci.
774 5437 891 5494 Alexan.
903 5437 1015 5494 Alensis
1034 5436 1180 5505 [referente
1206 5436 1326 5505 ariqinis
1344 5453 1400 5489 nan
1417 5451 1476 5489 esee
1494 5435 1523 5487 in
1544 5435 1667 5504 quadam
1680 5432 1806 5501 positiva
1825 5429 1962 5500 qualitate
1977 5449 2040 5484 can·

345 5525 498 5581 Trithemio
523 5525 670 5595 descript.
690 5523 798 5591 eccles]
818 5525 854 5579 de
872 5525 1070 5579 Bonaventura
1088 5521 1181 5580 dicere
1205 5523 1383 5590 stitrsendum,
1401 5525 1498 5575 contra
1516 5519 1584 5573 alios
1604 5515 1763 5572 Pontificios
1783 5515 1967 5573 Bellarminus
1986 5513 2041 5568 dis·

345 5612 443 5667 solitus
472 5611 539 5666 fnit:
572 5612 608 5665 In
637 5612 735 5678 fratre
761 5612 962 5664 Bonooentura
988 5625 1044 5662 non
1070 5609 1181 5665 oidetw
1206 5613 1323 5681 putati.
1342 5607 1377 5663 de
1393 5606 1484 5662 amisa.
1505 5612 1576 5677 grat
1591 5608 1619 5659 et
1632 5607 1697 5660 stat.
1710 5620 1786 5674 pecc.
1799 5621 1823 5658 c.
1840 5609 1887 5671 lt;
1902 5599 2040 5674 quomodo
2122 5611 2125 5620 ·

346 5699 476 5751 Adamas
490 5713 632 5767 peccasse.
651 5696 805 5767 Excipiunt
815 5695 901 5748 etiam
914 5695 1025 5750 beatam
1036 5695 1181 5765 Mariam
1207 5711 1273 5768 ergo
1290 5693 1444 5750 doctrim
1462 5692 1497 5746 de
1513 5695 1628 5761 peccato
1641 5689 1754 5762 originis
1766 5689 1872 5745 sincere
1883 5689 2023 5742 tractaret.

347 5793 371 5838 o.
390 5787 458 5837 dum
472 5791 596 5837 statuunt
609 5799 664 5853 per
683 5782 846 5853 baptismum
862 5779 906 5833 ita
916 5779 1181 5852 remittipeocatum,
1241 5785 1284 5838 so.
1320 5778 1368 5834 Ad
1387 5778 1505 5833 classem
1524 5792 1627 5842 eorum,
1645 5775 1695 5846 qui
1710 5793 1760 5846 per
1778 5774 1943 5830 indirectum
1959 5770 2040 5828 Pels·
2053 5758 2180 5853 ffissfflm

259 5880 273 5921 r.
286 5877 331 5922 ors.
346 5877 377 5923 ut
395 5869 467 5922 nibil
486 5868 610 5938 amplias
628 5869 664 5922 eit
683 5869 712 5922 in
731 5867 849 5933 renatis,
868 5870 950 5934 quod
965 5867 1066 5921 maa
1085 5883 1181 5922 mass
1206 5865 1342 5940 gianimo
1357 5863 1493 5933 militant,
1510 5861 1647 5921 referendi
1661 5868 1726 5917 sunt
1745 5859 1829 5916 etiam
1847 5857 1902 5924 illi,
1919 5856 1968 5931 qni
1986 5856 2041 5912 dir·
2054 5865 2144 5910 crosna
