5017 6675
455 551 495 609 40
1138 601 1140 607 .
1155 530 1279 593 LOCUS
1297 529 1445 621 SEXTUS

329 702 362 746 ¹2
380 703 443 745 ⁰0⁰·
470 699 549 760 Ι128.
587 698 628 749 12.
662 689 1288 762 terem.ao,r.r:8eduur'sttme,1)ontnc,
1317 686 1412 742 liberis
1435 703 1535 742 nomen
1554 685 1710 757 spuriorum
1725 685 1904 756 imposuisse,
1925 683 2084 758 etquidem
2100 685 2159 742 Dei

328 755 423 848 qqsrqpn
456 788 484 836 et
509 781 640 835 seductore
669 796 740 835 mm.
786 779 865 846 Erpa
891 782 969 831 Deus
994 776 1104 831 sedauit
1122 775 1291 847 prophetam
1316 771 1455 840 mandato,
1472 777 1505 827 ut
1521 771 1574 827 lroc
1591 770 1669 826 velut
1686 775 1769 843 gestu
1787 771 1912 842 acsigno
1925 770 2046 841 docmet,
2065 775 2158 828 totum

292 852 297 862 ¹
329 859 428 953 yffi.
455 865 574 922 interius
596 866 785 919 seductionem
808 865 839 917 in
862 864 924 933 ejus
946 867 1030 917 eorde
1048 863 1200 932 oprando.
1236 861 1290 915 Re·
1316 857 1455 930 populum·
1481 873 1541 912 esse
1569 874 1662 913 coram
1693 857 1754 913 Deo
1783 855 1934 929 spiritualis
1965 856 2158 913 fornicatiouis

371 936 378 950 ⁹
457 951 638 1024 spondemus:
662 950 799 1023 Loquitm
817 949 954 1021 propbeta
970 967 1026 1005 non
1043 950 1079 1005 de
1097 947 1241 1004 mendacio
1263 947 1292 1001 in
1316 960 1394 999 reum
1413 942 1593 1015 ejusdemque
1607 961 1712 1015 pomae
1729 943 1808 1000 brevi
1827 942 1973 1012 daturum:
2002 936 2156 1000 hanc'esse

457 1036 593 1109 doctrina,
610 1035 660 1092 sed
678 1035 874 1091 devocatione
890 1053 943 1091 sua
961 1034 1132 1107 prophetica,
1152 1033 1291 1105 adquam
1317 1029 1466 1101 genuinam
1490 1026 1571 1084 istius
1594 1028 1649 1084 loci
1674 1029 1854 1099 seutentiam,
1879 1029 1979 1084 docent
1996 1028 2083 1084 verbs
2105 1027 2156 1083 im·

457 1123 555 1181 aDeo
579 1122 716 1178 deductus
734 1128 763 1176 et
781 1121 861 1193 quasi
880 1121 1013 1177 seductus
1032 1121 1075 1176 sit.
1111 1119 1144 1174 ln
1161 1118 1292 1174 Hebraeo
1318 1113 1439 1170 mediate
1457 1113 1609 1185 sequeutia,
1626 1114 1693 1187 quia
1713 1115 1834 1180 additur,
1856 1123 1962 1169 terram
1980 1114 2080 1169 relicto
2094 1113 2157 1168 Do·

457 1215 500 1266 est
519 1212 598 1283 imp,
619 1208 693 1281 quod
702 1206 813 1278 proprie
831 1206 971 1278 significat
982 1207 1158 1278 persuadere,
1170 1222 1290 1275 persua·
1318 1201 1393 1255 mino
1409 1199 1603 1271 fornicatam,
1631 1199 1684 1256 hoc
1707 1208 1764 1270 est,
1789 1201 1895 1259 aliems
1917 1200 2009 1258 cultus
2034 1206 2064 1257 et
2090 1200 2157 1256 deos
2225 1232 2229 1237 ·

456 1295 522 1350 sisa
538 1293 619 1359 miii,
644 1294 781 1362 Domine,
801 1292 880 1364 quasi
901 1291 984 1357 dicat,
1003 1290 1194 1363 obtemperavi
1211 1306 1292 1345 voca·
1318 1292 1441 1343 secutam
1459 1303 1527 1342 esse.

456 1383 524 1438 doni
551 1386 629 1448 tuae,
654 1381 705 1435 sed
731 1388 866 1452 quantum
892 1380 921 1435 in
948 1396 982 1435 ea
1006 1379 1074 1434 mihi
1099 1378 1205 1434 occurit
1227 1375 1292 1439 odii,
1323 1428 1326 1433 ,
1355 1379 1413 1430 130.
1451 1380 1490 1430 14.
1524 1371 1588 1429 Joh.
1613 1378 1655 1442 12,
1680 1391 1705 1429 v.
1724 1376 1771 1428 ³9:
1796 1373 1863 1427 Non
1877 1379 2012 1443 poterant
2032 1370 2248 1466 ωιάπιὶξιέιὲ

456 1453 639 1540 periculorum
668 1472 697 1520 et
725 1466 929 1533 calamitatum,
958 1465 1029 1521 adeo
1052 1470 1085 1519 ut
1106 1464 1202 1518 merito
1228 1478 1291 1516 con·
1320 1459 1388 1530 quia
1405 1460 1478 1513 dicit
1495 1460 1617 1513 Esaiam
1636 1460 1768 1514 Eacaem
1786 1477 1835 1515 cor
1848 1459 2056 1530 populibajas.
2076 1461 2157 1527 Erpa
2172 1438 2248 1518 ami

458 1552 536 1626 queri
553 1569 675 1623 possem,
702 1568 746 1606 me
764 1550 874 1606 blandis
895 1550 986 1606 verbis
1002 1567 1020 1604 a
1038 1557 1066 1604 te
1084 1565 1247 1621 persuasum
1266 1553 1293 1602 et
1317 1546 1478 1616 praedictio
1505 1554 1531 1599 et
1559 1548 1699 1600 decretum
1726 1547 1787 1600 Dei
1811 1554 1876 1599 eunt
1901 1547 2031 1617 efficaces
2053 1561 2158 1600 causae
2172 1530 2248 1631 ἓξὲξ

458 1637 537 1711 quasi
554 1637 714 1705 seductum,
733 1642 766 1691 ut
784 1653 884 1691 munus
902 1634 1095 1707 propheticum
1115 1634 1292 1705 susciperem.
1319 1631 1528 1686 incredulitatis
1550 1634 1728 1701 quomdam
1748 1632 1897 1686 bominum.
1932 1631 2158 1703 Respondemus:
2172 1632 2248 1675 vauca

458 1724 618 1780 Munsterus
638 1722 678 1777 sic
692 1721 820 1794 exponit:
837 1724 864 1775 si
879 1724 1009 1776 seductas
1024 1740 1093 1786 sum,
1113 1721 1243 1790 Domine,
1264 1729 1293 1773 ut
1323 1723 1345 1771 l.
1364 1701 1542 1772 Ostendimus
1566 1717 1693 1789 superius
1715 1717 1939 1790 praescientiam.
1956 1715 2076 1771 divinam
2101 1732 2159 1770 non
2172 1685 2248 1776 iffi

383 1796 387 1802 ’
458 1809 506 1864 etii
521 1809 608 1875 salso
628 1809 793 1878 loquuntur,
817 1815 847 1861 tu
865 1824 907 1861 me
926 1808 1070 1871 seduxisti,
1089 1826 1151 1861 cum
1168 1823 1221 1874 epo
1238 1823 1293 1859 nou
1320 1802 1419 1857 efferre
1437 1803 1521 1859 rebus
1539 1803 1734 1858 necessitatem
1751 1821 1769 1858 a
1784 1803 1884 1874 priori,
1910 1803 1985 1857 idem
2002 1802 2085 1858 mam
2101 1808 2158 1857 sta-
2173 1787 2248 1879 {m

458 1911 521 1949 mea
532 1902 631 1964 sponte
642 1893 694 1948 boc
706 1893 838 1946 subierim
851 1893 987 1962 officium,
1000 1895 1052 1946 sed
1062 1900 1241 1947 tenocantem
1253 1909 1294 1944 se·
1322 1888 1454 1943 mendum
1478 1888 1514 1942 dc
1532 1888 1720 1959 praedictione
1745 1885 1840 1944 diviua
1856 1889 1886 1942 iu
1902 1887 2053 1959 Scripturis
2071 1885 2158 1942 sacris
2171 1890 2248 1984 yffi

459 1989 538 2035 catus
555 1980 624 2044 sim,·
642 1980 691 2033 sed
710 1979 787 2050 prior
804 1978 951 2049 explicatio
970 1977 1129 2035 concinnior
1141 1983 1192 2047 est,
1210 1993 1294 2050 quam
1323 1973 1476 2046 proposita,
1500 1992 1557 2030 nou
1580 1974 1653 2030 euim
1675 1991 1710 2033 ea
1733 1975 1823 2030 solum
1840 1992 1891 2046 per
1909 1973 2060 2045 prophetas
2078 1990 2158 2045 pras·
2188 1953 2202 1982 ⁰

460 2066 617 2140 approbant
633 2066 668 2121 D.
688 2065 828 2121 Lutherus
848 2071 876 2121 et
893 2064 1076 2121 Chemnicius.
1322 2059 1391 2114 dicit
1398 2059 1484 2128 Deus,
1500 2076 1572 2133 quae
1589 2061 1706 2131 ipsemet
1717 2061 1850 2129 susurrus,
1869 2060 2014 2116 sedetiam
2025 2077 2068 2124 ea,
2086 2076 2160 2132 quse

332 2144 447 2237 ¹3⁸,l'ffl'
496 2158 553 2209 129.
592 2157 631 2208 13.
666 2152 778 2207 Hoseae
798 2157 826 2220 l,
847 2169 873 2205 v.
899 2157 926 2206 t:
954 2151 1103 2220 Praecepit
1122 2152 1203 2203 Deus
1225 2167 1293 2221 pro·
1321 2146 1390 2201 alios
1413 2146 1490 2201 ridet
1509 2147 1725 2217 arefactum,
1752 2147 1801 2203 sed
1819 2164 1872 2204 nec
1890 2147 2018 2203 absoluto
2036 2145 2158 2218 quodam

331 2202 392 2290 itini
454 2239 569 2309 pictae,
589 2246 620 2291 ut
637 2238 762 2307 accipiat
778 2252 893 2290 amorem
903 2238 1138 2304 semicaticnum.
1163 2236 1295 2304 Er90id,
1323 2232 1387 2288 odio
1401 2238 1430 2288 et
1442 2231 1553 2289 decreto
1564 2232 1656 2288 Deum
1668 2234 1804 2305 quosdam
1818 2232 2159 2288 adinteritumetcausae

331 2302 446 2393 ξῖζζζῖζ.
459 2327 537 2395 quod
554 2323 646 2378 nostri
661 2330 788 2392 respectu
800 2331 947 2391 peccatum
964 2331 1015 2390 est,
1036 2324 1117 2376 Deus
1138 2322 1295 2391 aliquando
1323 2316 1449 2373 interitus
1466 2319 1674 2390 praedestinare
1691 2338 1742 2376 suo
1758 2321 1819 2375 loco
1832 2319 1899 2374 sads
1910 2318 2051 2374 luculente
2065 2325 2156 2374 osteu-

332 2405 414 2503 ἓξὲξ
454 2410 608 2482 praecipit.
652 2407 880 2479 Respondemus:
908 2407 1012 2463 Variae
1042 2414 1107 2463 sunt
1130 2406 1214 2478 hujus
1241 2407 1294 2462 loci
1324 2404 1428 2459 demus.
1443 2403 2158 2477 2.Describiturergojustissimapoeuaperscverau-

332 2507 388 2548 uos.
403 2504 423 2548 1.
460 2494 615 2569 prophetici
633 2492 829 2565 expositiones:
854 2499 877 2549 1.
895 2494 1011 2566 quidam
1027 2493 1160 2561 sentiunt,
1178 2492 1296 2564 prophe·
1324 2490 1359 2545 tis
1371 2490 1400 2544 in
1411 2497 1553 2545 contemtu
1564 2490 1642 2546 verbi
1654 2489 1853 2565 contumaciae,
1869 2507 1953 2563 quam
1965 2488 2042 2546 Deus
2049 2488 2160 2561 judicio

459 2589 518 2637 tam
535 2597 600 2635 vere
617 2578 783 2634 fornicatum
804 2595 865 2634 esee
882 2596 947 2633 cum
972 2579 1130 2648 meretrice,
1160 2586 1188 2635 et
1213 2578 1297 2648 hujus
1324 2591 1374 2630 suo
1386 2574 1541 2646 justissimo
1558 2575 1733 2631 induratione
1751 2575 2084 2646 etexcaecationepuuit,
2103 2592 2162 2647 qua

460 2664 651 2721 fornicatiouis
673 2671 814 2720 auctorem
838 2664 1010 2720 constituunt
1027 2665 1135 2734 Deum;
1162 2664 1216 2718 sed·
1234 2662 1296 2717 illos
1323 2659 1451 2730 efficitur,
1469 2667 1502 2716 ut
1520 2661 1568 2732 qui
1585 2677 1636 2733 per
1654 2660 1843 2732 operationem
1856 2659 1975 2733 Spiritus
1994 2661 2084 2717 sancti
2102 2679 2163 2718 cre-

459 2751 495 2806 D.
520 2750 633 2818 Luther.
660 2766 758 2805 comm.
785 2766 869 2822 super
892 2749 1014 2807 Hosesm
1040 2757 1107 2806 tom.
1135 2757 1159 2807 t.
1183 2749 1295 2806 Jenens.
1324 2747 1390 2803 dere
1406 2752 1549 2818 poteraut,
1572 2754 1687 2820 propter
1703 2749 1904 2804 contumaciam
1922 2766 2002 2803 suam
2020 2747 2163 2804 mmecati

458 2835 552 2891 Latin
569 2835 618 2890 iol.
640 2841 699 2892 588.
717 2841 795 2891 recte
812 2843 894 2892 vocat
910 2837 1031 2891 omniurn
1050 2837 1170 2891 mamme
1188 2836 1296 2905 ineptos
1323 2839 1420 2903 postea
1438 2833 1550 2889 credere
1568 2833 1757 2905 nonpossint
1795 2840 1817 2889 3.
1839 2834 1959 2891 Proinde
1979 2834 2019 2890 sic
2035 2833 2162 2907 procedi·

459 2923 640 2991 interpretes,
661 2938 724 2977 cum
743 2939 885 2995 nunquam
903 2923 1029 2980 accidere
1045 2923 1147 2996 possit,
1166 2928 1199 2977 ut
1217 2921 1296 2977 Dens
1322 2936 1397 2973 mue:
1417 2918 1481 2976 Non
1497 2924 1628 2991 poterant
1640 2919 1752 2976 credere
1772 2925 1949 2976 contumaces
1961 2920 2078 2985 iudaei,
2096 2918 2163 2991 quia

458 3007 612 3079 praecipiat
633 3013 683 3062 aut
707 3009 847 3081 approbet
869 3025 956 3080 vagas
978 3008 1123 3078 libidines,
1146 3025 1210 3064 cum
1227 3007 1296 3063 baec
1322 3004 1400 3059 Deus
1423 3020 1474 3076 per
1498 3004 1662 3077 prophetam
1680 3006 1873 3077 praedixerat,
1897 3022 1946 3062 cor
1962 3004 2060 3076 populi
2077 3004 2163 3076 hujus

459 3092 496 3147 sit
521 3098 657 3164 perpetrm
680 3098 709 3148 et
733 3092 913 3148 immutabilis
934 3092 988 3148 Dei
1005 3093 1145 3149 voluutas:
1171 3111 1205 3146 ne
1222 3109 1295 3148 moe·
1323 3091 1533 3146 excaecandum.
1555 3091 1610 3147 Sed
1626 3109 1713 3163 quare
1725 3093 1902 3164 praedixerat
1919 3090 2162 3148 mcmcationem‘i

459 3179 564 3244 eberis,
593 3195 657 3232 cum
685 3178 822 3249 propheta
851 3195 902 3249 per
930 3179 1035 3234 crimen
1064 3179 1240 3240 scortationis
1267 3179 1296 3233 in
1323 3176 1389 3248 quia
1412 3176 1550 3248 praeridit
1570 3176 1606 3232 ab
1625 3183 1746 3247 aeterno,
1764 3179 1899 3249 populum
1915 3178 2000 3234 istum
2012 3185 2162 3234 ¹'contumu-

459 3281 597 3318 mmmum
625 3263 746 3320 remanet
776 3270 945 3320 contemtum
973 3264 1049 3336 apud
1077 3264 1212 3336 populum
1242 3271 1295 3332 etc.
1322 3278 1382 3317 cem
1404 3269 1432 3318 et
1448 3262 1579 3319 rebellem
1598 3263 1694 3319 oculos
1711 3281 1777 3319 suos
1796 3264 1832 3319 ed
1851 3265 1928 3321 verbi
1950 3264 2041 3319 lucem
2061 3271 2162 3335 sponte

460 3356 484 3408 2.
502 3349 690 3421 Hieronymus
715 3349 744 3404 in
766 3350 882 3422 prologo
898 3350 1008 3406 Hoseae
1029 3350 1140 3416 statuit,
1165 3368 1216 3423 per
1239 3351 1295 3407 for·
1321 3348 1524 3417 conclusurum,
1543 3354 1574 3405 et
1589 3341 1703 3421 propter
1719 3351 1887 3421 stupendam
1899 3352 1980 3407 utam
1997 3351 2163 3407 caecitatem

459 3436 593 3492 uicarium
616 3452 672 3491 non
697 3435 796 3491 elocati
814 3435 936 3508 corporis
954 3437 1138 3506 meretricem,
1162 3437 1212 3493 sed
1229 3455 1294 3507 pen·
1322 3442 1350 3491 et
1373 3440 1564 3491 contumacem
1582 3435 1660 3491 verbi
1683 3442 1853 3492 contemtum
1873 3437 1909 3493 ab
1930 3444 2042 3494 aeterno
2060 3438 2161 3517 consti·

460 3523 550 3599 telem,
578 3539 650 3591 quae
677 3523 771 3576 Deum
796 3521 958 3591 ipnorabat,
987 3523 1199 3596 intelligendam
1226 3540 1295 3593 esse,
1321 3520 1375 3575 tuit
1387 3538 1480 3576 eorum
1492 3521 1577 3576 corda
1586 3538 1733 3579 meaecarc
1743 3529 1771 3578 et
1780 3523 1917 3602 ipdurure.
1933 3529 1957 3580 t.
1965 3522 2161 3594 Repetendum

460 3625 523 3663 cum
548 3606 709 3681 Scripturas
734 3607 847 3663 solenne
873 3606 922 3672 sit,
951 3607 1136 3683 idololatriam
1162 3609 1294 3680 gentilem
1321 3614 1414 3661 sutem
1438 3607 1530 3662 denuo
1552 3624 1586 3663 ex
1611 3607 1815 3678 superioribus,
1838 3608 1930 3664 Deum
1954 3626 2011 3664 uon
2029 3608 2162 3665 indurare

460 3694 640 3765 spiritualem
673 3694 893 3759 fornicationem
924 3694 1073 3766 appellare.
1121 3700 1145 3751 3.
1172 3695 1295 3751 Rabbiui
1321 3692 1525 3750 velexcaecurc
1544 3691 1672 3749 absoluto
1689 3694 1809 3765 quodum
1827 3694 1898 3760 odio,
1918 3694 1969 3749 sed
1985 3694 2161 3765 judicicsuo
2220 3701 2225 3714 '

444 3781 601 3843 'statuunt
624 3779 694 3835 haec
716 3797 770 3849 per
792 3780 926 3835 aidonem
951 3780 1039 3849 iactu,
1065 3781 1140 3852 quod
1156 3798 1221 3837 vere
1239 3800 1295 3837 nou
1317 3780 1395 3849 justo
1429 3795 1623 3850 praegressum
1662 3779 1741 3835 verbi
1780 3786 1950 3836 contemtum
1981 3780 2160 3843 vindictum

463 3865 573 3919 duxerit
598 3872 731 3933 scortum,
754 3864 803 3919 sed
830 3865 905 3936 quod
925 3865 954 3919 in
972 3865 1077 3922 risione
1093 3866 1144 3922 hoc
1162 3866 1216 3938 ipsi
1234 3886 1295 3923 eve·
1321 3864 1442 3936 itemque
1470 3864 1602 3921 indurare
1628 3872 1657 3920 et
1680 3881 1828 3922 excaecare
1851 3866 1943 3923 Deum
1970 3883 2026 3921 nou
2052 3883 2102 3938 per
2128 3884 2160 3923 se

460 3951 546 4014 uerit,
570 3950 645 4005 unde
670 3950 807 4021 interpres
832 3950 988 4006 Chaldaeus
1014 3952 1105 4006 locum
1133 3952 1173 4007 sic
1197 3954 1293 4009 vertit:
1321 3951 1413 4020 ipsum
1439 3950 1568 4005 duritiem
1593 3956 1622 4007 et
1646 3951 1808 4007 caecitatem
1828 3951 1857 4007 iu
1879 3952 2010 4008 cordibus
2029 3951 2161 4009 humenis

460 4036 545 4091 Dicit
573 4035 716 4089 Dominus
746 4037 787 4089 ad
814 4037 955 4090 Hastam:
992 4038 1071 4091 Vade
1101 4045 1126 4091 et
1155 4042 1295 4094 annuntia
1320 4036 1436 4091 interim
1462 4036 1619 4107 operando,
1651 4037 1701 4093 aed
1727 4037 1846 4109 gratim
1872 4043 1900 4094 et
1923 4037 2042 4109 Spiritus
2069 4039 2161 4095 sancti

454 4120 636 4193 prophetiam
660 4119 865 4175 habitatoribus
891 4122 1032 4176 civitatum
1053 4131 1122 4192 poet
1148 4123 1229 4179 idola
1252 4142 1294 4179 er·
1321 4122 1407 4177 corda
1432 4122 1597 4178 emollientis
1624 4128 1653 4178 et
1680 4121 1861 4178 illuminantis
1888 4122 1945 4178 rim
1970 4123 2160 4181 subtrahendo

462 4206 601 4274 rentium,
626 4206 676 4275 qui
698 4208 809 4259 adduru
827 4214 858 4259 ut
871 4214 999 4275 peccent,
1024 4209 1153 4277 quonium
1172 4213 1294 4267 emendo
1321 4225 1355 4263 ac
1381 4207 1502 4263 Satanae
1528 4212 1637 4263 tuntum
1663 4209 1736 4280 juris
1763 4209 1792 4264 in
1821 4209 1944 4265 homiues
1971 4210 2161 4267 concedendo.

462 4300 560 4346 errant
588 4291 698 4346 incolae
723 4299 816 4346 terrae
838 4310 857 4345 a
885 4293 961 4346 cultu
984 4293 1106 4348 Domini
1122 4298 1297 4363 recedentes,·
1322 4301 1346 4351 5.
1367 4292 1486 4349 Proinde
1504 4294 1700 4366 quiapropter
1717 4293 1851 4351 malitiam
1869 4295 2009 4368 propriam
2027 4301 2056 4350 et
2075 4313 2161 4367 spou-

358 4407 364 4421 «
459 4379 557 4431 abiem
575 4377 663 4445 ipitur
675 4378 847 4448 prophetavi
864 4386 960 4433 cantra
980 4395 1039 4447 eos,
1062 4383 1140 4450 quod
1156 4384 1184 4435 si
1194 4385 1295 4452 poeni-
1320 4388 1431 4438 musam
1448 4378 1624 4435 renitentium
1642 4381 1782 4436 excaecati
1792 4380 1897 4437 Judsei
1914 4380 2027 4437 credere
2040 4398 2097 4436 non
2109 4398 2161 4453 po·

459 4463 575 4516 tentiam
587 4464 729 4534 facerent,
746 4464 933 4517 dimitteretur
950 4464 991 4518 ert
1004 4474 1167 4535 peccatun,·
1185 4469 1213 4521 si
1230 4488 1294 4539 non,
1321 4472 1447 4532 tuerunt,
1470 4466 1534 4521 ideo
1555 4473 1663 4522 veteres
1686 4473 1802 4539 negant,
1827 4483 1938 4523 causam
1956 4468 2160 4525 incredulitatis

458 4557 660 4602 marcescerent
677 4550 762 4620 quasi
775 4549 852 4616 folia
864 4550 1066 4622 ficulnearum,
1084 4553 1250 4623 adjiciendo
1270 4566 1295 4611 et
1320 4552 1494 4609 reimendam
1502 4552 1607 4609 essead
1616 4553 1834 4624 praedictionem
1842 4554 2040 4625 propheticam.
2063 4553 2161 4626 cyrill

452 4635 594 4703 jaciendo
618 4636 703 4690 mala.
739 4642 763 4692 l.
785 4635 905 4701 Quidam
922 4643 1062 4702 statuunt,
1087 4637 1210 4694 Hoseam
1226 4640 1294 4714 legi-
1320 4638 1369 4693 lib.
1387 4645 1411 4694 9.
1431 4638 1460 4692 in
1476 4637 1576 4694 Joham
1595 4656 1619 4694 c.
1641 4645 1684 4695 10:
1714 4639 1782 4703 Quis
1800 4642 1873 4695 adeo
1890 4641 2011 4697 rationis
2030 4658 2065 4695 ac
2084 4660 2160 4696 men·

458 4721 525 4776 timo
544 4720 718 4777 matrimonio
735 4720 789 4776 sibi
804 4715 930 4793 junxiss‘e
947 4723 1104 4789 mulierem,
1130 4742 1203 4798 quas
1221 4744 1295 4783 scor·
1320 4727 1358 4779 tis
1382 4726 1466 4794 inape
1487 4726 1555 4794 erit,
1582 4733 1612 4780 ut
1631 4726 1811 4795 Scriptorum
1835 4729 1928 4782 sancti
1945 4727 2072 4797 Spiritus
2091 4747 2160 4800 pee-

458 4807 563 4862 tatione
580 4805 666 4863 fuerit
684 4807 762 4877 prius
779 4807 903 4877 infamis,
926 4808 956 4863 in
973 4826 1056 4881 φιιιιιι
1074 4812 1237 4866 seutentiam
1256 4814 1294 4868 ri-
1321 4811 1408 4865 candi
1423 4828 1538 4865 causum
1556 4812 1665 4866 bomini
1682 4812 1811 4866 mutare
1828 4830 1950 4883 anquam
1962 4816 2078 4869 ustos
2090 4833 2159 4886 pos·

459 4892 541 4948 detur
570 4891 699 4968 Lyranus
733 4892 882 4963 inclinare,
916 4893 957 4949 sic
990 4895 1063 4951 euim
1093 4897 1123 4952 in
1148 4906 1293 4955 comment.
1320 4898 1379 4952 sit!
1397 4897 1435 4953 Et
1448 4902 1558 4969 postea:
1582 4896 1721 4960 Quoniam
1738 4899 1780 4952 ito
1793 4900 1925 4955 nonnulii
1940 4908 2037 4969 spomr
2047 4901 2162 4966 facturi

459 4979 569 5034 scribit:
594 4980 701 5049 Accipe
718 4997 779 5033 mem
798 4982 992 5048 matrefiis'os,
1017 5000 1086 5051 queas
1107 4990 1170 5036 ante
1188 4984 1296 5057 babuit,
1321 4992 1417 5048 erant,
1444 4984 1552 5038 idcirco
1577 4985 1739 5054 praesciens
1766 4985 1892 5055 Spiritus
1916 4994 2030 5040 sauctae
2049 4989 2160 5053 fictura

459 5065 502 5118 ito
524 5067 601 5133 qrcod
621 5065 731 5136 accepit
754 5073 872 5120 matrem
893 5067 923 5119 in
945 5084 1059 5121 acorem
1085 5076 1111 5121 et
1134 5068 1210 5132 filies
1233 5072 1295 5139 ejus
1318 5070 1471 5139 praeducit,
1491 5070 1609 5140 ideoque
1629 5087 1686 5123 nen
1701 5079 1854 5139 potuerunt
1871 5075 1984 5126 credere
2002 5073 2079 5125 mem
2098 5091 2160 5129 esse

460 5150 622 5219 adoptauit;
642 5150 672 5204 id
691 5150 776 5207 sentit
793 5150 968 5223 Augustinus
987 5159 1027 5209 22.
1045 5160 1141 5209 conus
1159 5154 1293 5211 Faustum
1321 5157 1403 5224 dicit,
1431 5156 1509 5223 quod
1528 5156 1678 5211 noluerunt
1703 5158 1833 5223 credere,
1858 5158 1931 5213 sicut
1954 5158 2079 5213 Christus
2096 5159 2159 5230 ipse

349 5243 384 5285 lv·
399 5240 444 5285 ¹¹⁹-
459 5252 483 5291 c.
502 5241 544 5291 80.
573 5242 596 5290 5.
606 5235 661 5292 Sed
680 5237 709 5290 in
729 5236 858 5292 omnibus
875 5237 951 5293 hisce
973 5239 1199 5310 expositionibus,
1218 5244 1293 5314 quod
1321 5239 1433 5314 exponit
1449 5239 1548 5294 Matth.
1568 5246 1610 5311 2³,
1627 5258 1654 5294 r.
1676 5245 1723 5298 ³7:
1747 5243 1860 5307 Quoties
1879 5244 1958 5298 colui
1974 5262 2024 5299 uos
2043 5262 2158 5314 conpre-

458 5318 556 5375 merito
574 5319 756 5391 desideretur,
773 5323 882 5379 ostendi
900 5330 1000 5396 potest
1037 5324 1189 5382 Statuimus
1208 5327 1295 5399 igitur
1319 5344 1402 5398 pare,
1428 5334 1454 5379 et
1471 5327 1609 5382 notuistis.
1646 5328 1724 5384 Alibi
1752 5335 1862 5387 exstant
1880 5329 1984 5384 similes
2003 5331 2158 5388 locutiones

457 5422 521 5460 cum
532 5405 569 5460 D.
582 5404 704 5462 Luthero
717 5412 746 5461 et
756 5408 956 5477 probatissimis
971 5410 1127 5483 quibusque
1139 5411 1294 5484 interpreti·
1320 5420 1344 5469 2.
1364 5413 1437 5469 Sam.
1455 5418 1494 5479 ll,
1515 5429 1539 5466 v.
1560 5418 1604 5468 lt:
1629 5432 1684 5468 non
1701 5423 1833 5485 poterant
1849 5432 1880 5468 se
1898 5418 2045 5471 ostendere
2063 5419 2157 5487 inpre-

347 5497 351 5512 '
457 5491 519 5553 bus,
531 5490 695 5563 prophetam
705 5492 830 5565 legitimo
845 5496 975 5568 conjugio
988 5495 1042 5551 Dei
1054 5496 1135 5567 jusso
1152 5498 1222 5555 inito
1239 5500 1293 5556 sibi
1320 5498 1425 5552 diendo
1449 5498 1560 5566 urbem,
1584 5498 1614 5553 id
1639 5505 1681 5555 eat
1704 5501 1844 5556 uolebant
1881 5500 1992 5557 Homo
2017 5508 2047 5566 8,
2074 5521 2100 5559 V·
2127 5510 2156 5560 52

457 5577 604 5649 copulasse
622 5594 677 5632 nou
694 5578 796 5634 infame
808 5588 939 5649 scortum,
957 5580 1008 5635 sed
1019 5581 1134 5637 honeste
1147 5584 1293 5641 educatam
1321 5585 1466 5654 Quousque
1489 5601 1545 5638 non
1563 5593 1717 5655 potuerunt
1739 5588 1926 5642 innocentiam
1949 5587 2007 5642 sibi
2022 5577 2156 5658 pararet

456 5662 607 5735 virginem,
632 5663 706 5733 quod
731 5664 858 5719 additum
874 5667 962 5738 patris
979 5682 1080 5723 nomeu
1097 5668 1217 5739 indicat,
1243 5671 1293 5728 sed
1318 5671 1347 5726 id
1365 5678 1415 5741 est,
1432 5688 1577 5744 quousque
1593 5674 1749 5730 noluerunt.
1760 5672 1895 5729 Athenas.
1908 5672 1938 5726 iu
1951 5690 2026 5745 pass.
2041 5681 2070 5731 et
2080 5692 2155 5731 cruc.

456 5747 521 5803 huic
547 5747 689 5835 legitimae
713 5749 793 5808 uxori
817 5767 918 5810 nomeu
935 5751 1065 5810 mortiet
1083 5752 1292 5847 legitimisflsuis
1319 5756 1432 5813 Domini
1448 5773 1513 5832 pag.
1534 5764 1583 5817 788
1603 5766 1632 5815 et
1654 5765 1721 5817 tea:
1748 5759 1860 5814 Judaei
1879 5776 1933 5814 sua
1954 5760 2096 5822 uoluntate
2112 5763 2156 5819 in·
