5017 6675
440 550 442 555 .
499 519 563 577 Μ
1198 504 1513 566 mensuremus

501 663 699 734 ridiecrimus,
717 665 786 733 quia
801 671 947 733 peccatum
962 664 1173 730 nantcharius,
1192 664 1339 732 nosipsos
1365 663 1432 730 quio
1458 669 1594 732 operatur
1619 663 1776 730 desideria,
1804 669 1903 716 cosdra
1926 678 1998 731 quae
2016 663 2155 719 aarum
2177 672 2205 720 st

501 752 659 805 seducimus
671 757 724 806 etc.
743 751 868 804 anillud
884 749 1016 803 humilius
1034 751 1235 818 responderent
1251 750 1338 816 forte,
1364 748 1464 811 rideles
1481 755 1549 817 etc.;
1568 750 1672 803 sciebm
1687 749 1795 819 [apost]
1813 750 1911 815 araim
1921 766 1973 802 nos
1984 751 2089 804 sanari
2101 752 2137 805 alr
2149 752 2204 805 isto

502 854 585 906 arsam
608 838 724 890 uerius?
750 838 802 890 sed
823 835 886 887 liuic
903 836 969 903 jam
985 835 1082 904 placet
1103 842 1128 888 et
1145 842 1219 888 recte
1233 836 1339 905 placet,
1364 835 1613 903 concupiscentiali
1637 844 1730 902 motu,
1756 836 1806 904 qui
1831 852 1884 888 nos
1910 837 1944 888 alr
1973 837 2033 904 ojus
2063 839 2206 905 originali

501 922 617 977 laudem
641 924 808 976 numilitatis
834 923 863 973 in
886 929 971 990 parte
994 938 1050 974 non
1066 937 1172 988 ponere
1187 920 1339 987 falsitatis,
1364 927 1444 972 reatu
1461 921 1607 988 spirituali
1624 923 1835 989 regeneratione
1854 922 1981 976 saluauit.
2013 921 2204 995 HaecAugu·

500 1009 597 1078 itamse
621 1010 672 1063 lsoc
696 1010 723 1062 si
745 1025 839 1061 oerum
863 1009 1007 1071 dicerent,
1029 1007 1163 1060 laberent
1182 1010 1338 1075 peccatum,
1364 1006 1452 1058 atinus
1471 1005 1586 1075 opponit
1605 1006 1820 1077 pelagianorum
1836 1015 2012 1078 argumento,
2043 1013 2122 1078 qaod
2136 1027 2204 1064 aon·

502 1097 580 1164 qaod
601 1095 743 1149 humiliter
761 1095 909 1162 fatentur,
939 1094 1006 1161 arria
1030 1094 1135 1146 ueritas
1155 1093 1184 1145 in
1202 1094 1242 1145 eis
1261 1100 1337 1145 esset.
1364 1093 1636 1161 sequensvideatur,
1654 1091 1728 1147 siin
1746 1093 1894 1162 baptismis
1908 1095 2204 1165 conjupilrusaliquoa

411 1187 440 1230 V.
453 1185 488 1229 ω.
503 1181 539 1235 Si
555 1189 647 1234 autem
662 1181 712 1235 loc
728 1179 917 1246 mentire-ntur,
934 1178 1116 1231 nihilominus
1127 1179 1261 1230 tabuerit
1273 1195 1338 1246 pcc·
1364 1177 1469 1229 molam
1486 1186 1638 1246 remaneat,
1655 1196 1687 1231 ea
1699 1197 1754 1249 quo
1767 1181 1838 1232 mali
1848 1187 2022 1247 generentur,
2039 1200 2096 1236 non
2108 1184 2204 1236 omnia

501 1275 602 1331 calum,
620 1266 688 1335 quia
704 1265 831 1318 semotis
847 1265 878 1316 in
899 1263 940 1316 eis
958 1282 1014 1317 non
1031 1271 1111 1319 esset.
1146 1262 1261 1316 Dictum
1272 1261 1338 1317 lobi
1359 1271 1480 1329 peccata
1502 1263 1533 1316 in
1557 1263 1694 1331 baptismo
1716 1265 1821 1317 remitti
1826 1286 1835 1329 ,·
1862 1268 2012 1335 respondet
2029 1268 2205 1335 Auaristinus

501 1350 595 1423 inepte
612 1351 751 1422 allegatur
770 1367 788 1403 a
807 1350 992 1417 Bellarmino‚
1018 1351 1098 1418 cujus
1123 1349 1260 1419 genuinus
1277 1365 1338 1403 sen·
1363 1365 1397 1399 es
1420 1349 1582 1412 Ambrosio,
1610 1352 1694 1403 ctiam
1717 1353 1841 1405 Paulum
1863 1354 1953 1418 fuisse
1984 1354 2156 1423 baptisatam
2179 1363 2204 1408 et

501 1455 549 1494 sue
566 1437 612 1494 hic
631 1443 679 1493 est.
709 1437 807 1490 Tantis
826 1454 870 1491 me
883 1436 961 1490 Deus
980 1436 1111 1505 opprimit
1129 1435 1288 1502 terroribus,
1307 1441 1339 1487 ut
1363 1443 1456 1488 tamen
1480 1437 1616 1504 conqueri
1645 1439 1680 1489 de
1712 1437 1772 1506 lepe
1793 1439 1920 1507 peccati,
1949 1441 2203 1508 concupiscentiam

446 1565 450 1571 -
501 1525 583 1580 etiam
601 1541 642 1592 ea,
662 1541 734 1595 quae
752 1542 802 1593 pro
815 1522 974 1577 defensione
990 1523 1117 1592 justitiae
1136 1539 1212 1575 meae
1231 1522 1339 1591 possint
1363 1522 1450 1588 ipitur
1467 1522 1573 1574 remitti
1591 1522 1621 1575 in
1638 1532 1734 1588 reatu,
1757 1541 1871 1577 manere
1891 1525 1921 1576 in
1943 1525 2032 1595 actu.)
2070 1526 2203 1596 Cyprias.

500 1610 607 1678 afferri,
634 1629 690 1665 non
715 1611 830 1664 veniant
853 1609 919 1662 mihi
944 1609 972 1662 in
994 1616 1122 1663 mentem
1159 1612 1182 1663 3.
1209 1607 1338 1678 Denique
1364 1607 1393 1660 in
1411 1607 1490 1675 epist.
1510 1607 1546 1661 de
1562 1614 1629 1662 orat
1647 1608 1742 1663 Dom.:
1768 1610 1822 1662 Est
1840 1610 1911 1662 inter
1928 1628 2041 1664 carnem
2063 1620 2092 1665 et
2110 1612 2202 1680 ›Spiri-

500 1696 640 1752 concludit
652 1697 845 1763 Bellarminus‚
865 1695 1054 1749 Clrcmnicium
1072 1695 1102 1746 ia
1119 1712 1150 1748 eo
1163 1695 1253 1763 plone
1267 1695 1339 1746 ridi·
1364 1701 1420 1745 tum
1439 1694 1601 1748 colluctatio
1614 1704 1639 1748 et
1651 1697 1878 1750 discordantibus
1892 1698 2029 1751 aduersus
2039 1715 2069 1751 se
2084 1698 2202 1752 inuicem

499 1784 592 1836 ciclum
610 1800 639 1836 se
655 1766 806 1852 praeberi,
832 1786 908 1852 quod
926 1783 999 1835 lianc
1015 1782 1178 1834 sententiam
1196 1780 1280 1833 stiam
1299 1783 1340 1833 ad
1364 1780 1532 1847 quotidiano
1558 1783 1733 1850 conpressio,
1759 1790 1789 1834 ut
1814 1800 1870 1834 non
1894 1799 1942 1849 cu,
1970 1801 2042 1852 quae
2064 1785 2201 1850 edumas,

499 1869 625 1936 infantes
644 1878 669 1922 et
688 1870 858 1923 dormientes
880 1870 1082 1934 accommodet,
1108 1885 1167 1920 cum
1192 1867 1339 1935 apostolas
1366 1866 1428 1933 ipsa
1453 1867 1609 1934 sociamus,
1639 1869 1705 1920 diem
1731 1866 1859 1935 Spiritus
1890 1868 2020 1922 coelestio
2047 1878 2074 1923 et
2102 1870 2202 1925 diuino

500 1956 536 2007 de
553 1955 589 2008 iis
609 1963 715 2008 tantum
734 1955 876 2024 loquatur,
898 1954 948 2021 oui
960 1954 1073 2022 possint
1091 1953 1200 2021 dicere,
1220 1953 1272 2006 lroc
1289 1960 1337 2016 est,
1364 1952 1491 2020 quaerit,
1528 1970 1596 2006 caro
1632 1961 1743 2006 terreno
1780 1961 1805 2005 et
1845 1955 1989 2008 secularia
2021 1958 2201 2024 concupiscit.

500 2043 549 2111 qni
572 2060 652 2094 usum
666 2043 811 2118 'sermonis
831 2048 856 2092 et
875 2040 996 2091 rationis
1015 2040 1142 2092 labeant.
1178 2038 1337 2107 Responde·
1365 2036 1497 2108 [August.
1516 2047 1608 2093 monet
1625 2039 1827 2094 observandum
1845 2056 1919 2109 esse,
1944 2043 2021 2108 prod
2041 2043 2201 2110 Cypriam&

500 2145 576 2181 mus:
610 2126 669 2182 Imo
688 2144 753 2182 vero
770 2125 956 2181 Bellarminus
976 2124 1145 2194 Pelagianus
1162 2130 1212 2192 est,
1231 2142 1337 2195 negans
1364 2124 1530 2192 baptizatum
1546 2126 1684 2194 populum
1706 2127 1830 2179 instruat
1848 2135 1943 2195 petere
1967 2145 1986 2180 a
2003 2129 2067 2182 Deo
2088 2145 2200 2183 coneur-

500 2214 655 2268 universsle
674 2212 726 2268 hoe
752 2212 869 2282 apostoli
896 2209 1105 2281 pronuntiatum
1129 2212 1214 2265 etiam
1237 2211 1274 2265 ad
1296 2212 1337 2264 in-
1363 2211 1441 2262 diam
1458 2211 1530 2263 inter
1548 2228 1661 2264 carnem
1679 2219 1706 2265 et
1726 2211 1871 2281 Spiritum,
1891 2215 1968 2281 quod
1989 2221 2082 2267 tamen
2099 2216 2130 2267 irs
2147 2215 2200 2268 lias

498 2299 591 2356 fantes
609 2306 638 2353 et
658 2298 825 2353 dormientes
844 2297 995 2367 pertinere,
1023 2313 1056 2351 ex
1078 2314 1132 2367 quo
1149 2302 1278 2366 prompte
1296 2314 1337 2352 se·
1361 2294 1420 2349 rita
1438 2314 1493 2349 non
1506 2297 1689 2365 perficiatur,
1716 2315 1776 2351 cnm
1796 2300 1891 2352 eodem
1910 2298 2054 2367 cyprum
2073 2301 2103 2354 in
2120 2301 2200 2370 epr'st.

500 2386 601 2456 quitur,
619 2385 719 2439 multos
733 2384 864 2438 videlicet
880 2389 990 2437 renatos
1005 2382 1127 2437 nondum
1146 2382 1256 2436 adultos
1268 2399 1337 2451 esse,
1362 2383 1399 2436 de
1424 2383 1535 2436 morial.
1559 2391 1627 2437 teste
1645 2384 1754 2436 Paulus
1772 2384 1916 2451 apostolus
1935 2385 2001 2437 ideo
2021 2389 2199 2456 concupiscat

500 2472 548 2543 qui
564 2472 673 2542 possint
689 2470 814 2541 gloriari,
834 2487 865 2525 se
881 2487 938 2524 non
954 2469 1058 2525 habere
1075 2474 1235 2539 peccatum
1258 2469 1336 2523 item·
1362 2468 1481 2522 dissolri
1496 2475 1523 2521 et
1542 2487 1603 2521 cum
1618 2468 1728 2522 Olsrs'sto
1745 2486 1812 2533 esse,
1831 2477 1861 2522 ut
1878 2470 1966 2523 nullis
1984 2474 2063 2535 rieru
2073 2475 2199 2542 peccatis

500 2575 555 2628 que
571 2564 681 2612 renatos
700 2556 809 2611 adultos
828 2555 938 2625 saepius
956 2573 1016 2611 esse
1033 2555 1092 2609 sine
1109 2562 1238 2624 peccato,
1257 2554 1337 2608 nimi·
1363 2562 1387 2606 ct
1405 2553 1480 2607 uitiis
1498 2556 1594 2608 cornis
1612 2555 1769 2625 obnoxius]
1800 2552 1920 2623 (ἕτερον.
1933 2555 1963 2607 in
1976 2557 2088 2625 apolop.
2116 2561 2197 2612 latro

500 2661 563 2697 rum
585 2643 696 2715 quando
707 2642 849 2696 dormiunt
865 2659 916 2696 nec
933 2641 1074 2695 maculant
1086 2656 1116 2694 se
1128 2640 1221 2710 aliquo
1234 2640 1337 2693 actuali
1362 2649 1467 2694 nosmet
1478 2641 1555 2709 ipsos
1568 2640 1700 2709 propriis
1715 2641 1792 2694 uitiis
1808 2642 2034 2709 aspersionibus
2052 2644 2198 2715 impugna·

499 2736 617 2802 peccato
630 2735 659 2784 et
670 2729 782 2800 quando
794 2728 1019 2797 concupiscentia
1032 2726 1155 2797 quiescit,
1166 2732 1216 2780 aut
1225 2727 1336 2797 quando
1362 2745 1436 2795 misr,
1463 2735 1489 2780 et
1514 2729 1561 2781 die
1581 2737 1714 2796 noctuque
1739 2728 1834 2794 ianitis
1856 2728 1978 2782 stimulis
2000 2732 2129 2799 corporis
2150 2732 2198 2786 tn

498 2814 554 2887 ipsi
570 2815 611 2870 ita
628 2815 779 2878 resistitur,
802 2822 833 2869 ut
850 2815 1021 2868 voluntatem
1039 2812 1067 2865 in
1087 2829 1249 2867 consensum
1268 2829 1336 2865 non·
1362 2813 1491 2866 militatis
1508 2814 1592 2883 liujsss
1606 2823 1632 2868 et
1649 2815 1778 2883 corporis
1795 2815 1894 2868 mortis
1911 2832 2051 2883 urpsmnr.
2077 2817 2199 2888 August.

499 2903 568 2959 dum
585 2904 684 2973 rapiat
721 2902 825 2956 Contra
844 2919 866 2954 s.
883 2900 1059 2971 Augustinus
1084 2899 1206 2954 omnium
1229 2904 1336 2952 sancto·
1361 2899 1460 2953 iterum
1474 2899 1620 2955 observare
1633 2901 1722 2970 jubet,
1743 2900 1821 2968 quoa
1833 2902 1869 2954 de
1885 2902 2113 2968 baptiaotodicat
2129 2902 2199 2957 Gre-
2212 2912 2254 2957 ΨΑ

499 3007 560 3044 rum
578 2989 650 3044 hanc
669 3006 728 3044 esse
740 3004 836 3044 rocem
849 2986 1017 3057 pronuntiat.
1038 2984 1190 3054 Apostolus
1203 3001 1220 3038 a
1232 2984 1335 3038 renatis
1362 3004 1421 3053 aar.
1441 3003 1503 3039 eum
1516 2987 1646 3055 propriis
1658 2987 1734 3038 vitiis
1747 2985 1919 3054 impupnori,
1937 2992 1966 3040 et
1982 2987 2075 3042 addit:
2092 2990 2199 3043 Jamnc

499 3075 603 3130 adultis
629 3073 761 3145 requirit,
792 3079 825 3127 ut
849 3071 1031 3143 profiteantur
1057 3088 1087 3126 se
1110 3069 1213 3124 habero
1239 3086 1336 3139 pecca·
1363 3073 1501 3124 discernis
1512 3072 1652 3141 [iuliane],
1660 3073 1760 3139 jamne
1771 3072 2023 3141 perspicis,jomne
2034 3076 2200 3144 respicinet

498 3168 575 3229 tum,
604 3160 713 3215 interim
731 3176 787 3215 non
805 3164 907 3229 negat,
935 3158 1018 3212 etiam
1037 3157 1099 3212 illos
1117 3156 1219 3211 habere
1238 3172 1336 3226 pecca·
1362 3158 1392 3210 in
1410 3158 1577 3226 baptismate
1590 3160 1660 3228 fieri
1676 3158 1798 3213 omnium
1813 3159 2003 3212 remissionem
2016 3170 2200 3227 peccatoram

500 3252 567 3315 tum,
588 3246 636 3318 qui
649 3263 703 3299 usu
719 3239 834 3299 rationis
850 3251 879 3297 et
895 3242 1027 3297 sermonis
1041 3242 1168 3297 destituti
1185 3241 1255 3295 illud
1268 3258 1336 3295 non·
1363 3251 1388 3296 et
1407 3262 1469 3296 cum
1488 3245 1635 3313 baptisatis
1654 3245 1737 3313 quasi
1754 3245 1837 3298 curiis
1855 3246 1955 3299 bellun
1971 3247 2139 3301 interiorum
2155 3265 2199 3302 rc·

500 3334 567 3389 dum
586 3337 704 3404 possunt
720 3329 851 3402 profiteri.
1363 3346 1476 3384 monere
1501 3331 1654 3384 sumnum!
1680 3349 1736 3384 ron
1756 3332 1827 3384 enim
1846 3331 1920 3385 talia
1935 3340 1999 3385 sum
2015 3332 2101 3401 uitia,
2129 3352 2200 3402 qaae

372 3421 485 3463 Μῦθ-
535 3427 577 3477 64.
610 3411 778 3474 Accedimus
796 3417 832 3472 ad
849 3415 1006 3471 testimonia
1024 3414 1207 3486 antiquitatis.
1235 3415 1337 3479 Quam·
1357 3417 1422 3483 jam
1431 3425 1550 3484 peccato
1562 3418 1683 3470 diemde
1696 3418 1752 3470 sint
1768 3414 1903 3490 [intellige
1920 3435 1984 3472 cum
1996 3425 2077 3474 reatu
2095 3420 2201 3475 actuali

372 3475 485 3575 illnlm'
498 3507 541 3562 ris
564 3524 629 3563 vero
654 3507 742 3560 multa
767 3509 892 3560 veterum
918 3503 994 3557 dicta
1018 3501 1074 3557 huc
1095 3500 1193 3556 referri
1215 3508 1337 3571 possent,
1363 3502 1519 3572 conjuncta.
1541 3507 1573 3556 ut
1589 3519 1619 3557 se
1635 3502 1727 3571 ipsum
1738 3502 1859 3574 August.
1880 3504 2002 3573 exponit.
2026 3511 2049 3559 1.
2069 3505 2104 3560 de
2121 3513 2200 3576 nupt
2224 3507 2228 3516 '

373 3578 435 3625 ΨΜ
448 3629 483 3677 p„
499 3594 629 3650 videlicet
648 3610 689 3660 ea,
710 3591 858 3662 inquibus
878 3590 986 3658 docent,
1004 3587 1033 3643 in
1051 3588 1155 3644 renatis
1169 3587 1262 3642 adhuc
1273 3603 1337 3657 pec·
1361 3595 1390 3643 et
1398 3605 1512 3658 concup.
1532 3605 1555 3644 u
1573 3593 1614 3643 24.
1634 3594 1661 3644 et
1678 3588 1746 3643 alibi
1757 3590 1881 3659 passim],
1898 3590 1925 3644 si
1941 3593 1983 3645 ad
1994 3591 2098 3646 illicita
2111 3610 2199 3661 opera

371 3639 462 3721 ἵξῃ·
499 3689 593 3744 catum
609 3679 744 3745 habitare,
763 3677 854 3748 legem
865 3675 986 3731 Deinon
999 3691 1080 3746 posse
1095 3674 1124 3727 in
1137 3674 1190 3728 hac
1203 3674 1261 3727 vita
1276 3691 1338 3743 per·
1360 3675 1490 3742 spiritum
1518 3674 1743 3743 concupiscentia
1780 3693 1837 3729 non
1875 3676 1971 3730 uolat
2002 3684 2029 3729 et
2059 3677 2200 3746 concipiat
2229 3683 2232 3687 “

371 3731 471 3822 llil?
499 3767 571 3824 fecte
590 3783 607 3821 a
625 3765 706 3821 nobis
723 3763 844 3834 impleri,
861 3762 936 3817 bona
953 3778 1039 3833 opera
1058 3778 1114 3815 non
1132 3777 1191 3815 esse
1209 3760 1336 3815 omnibus
1357 3761 1510 3830 pariatque
1522 3769 1687 3830 peccatum·
1707 3769 1882 3815 secuntum
1900 3770 1981 3816 entra
1998 3771 2199 3833 narrassem,

500 3852 621 3908 numeris
638 3851 763 3921 perfecta
778 3856 807 3903 et
820 3849 955 3916 absoluta,
973 3847 1111 3902 neminem
1129 3863 1188 3902 esse
1203 3846 1263 3901 sine
1274 3863 1337 3916 pec·
1361 3856 1460 3902 nostro
1482 3857 1559 3917 runt,
1581 3849 1728 3918 passiones
1745 3857 1825 3919 sunt,
1854 3850 1921 3903 rr‘tia
1938 3858 2017 3915 sunt,
2042 3851 2201 3922 frenanda,

500 3945 634 4004 uatoetc,
653 3942 748 3990 tamen
766 3934 887 3990 contenti
905 3933 1006 3989 erimus
1017 3933 1073 3986 illis
1085 3932 1176 4002 dicus,
1194 3931 1337 4002 inquibus
1362 3935 1531 4004 cohibenda,
1556 3938 1687 3989 sananda
1705 3944 1784 4000 sunt,
1809 3943 1836 3989 st
1854 3938 1920 3990 dnm
1939 3936 1985 3989 liic
2003 3936 2121 4002 amiur,
2140 3955 2200 3993 esso

435 4088 440 4098 .
500 4022 753 4092 concupiscentiam
770 4020 800 4075 in
819 4018 922 4074 renatis
933 4019 1068 4089 reliquam
1079 4024 1338 4088 peccatumrooant
1361 4038 1418 4075 non
1436 4021 1571 4076 desinunt.
1607 4021 1789 4076 Venerandus
1807 4020 1940 4075 Hilarius
1958 4038 1991 4073 eo
2003 4032 2120 4091 peccato
2139 4040 2200 4077 esre

500 4114 529 4164 et
555 4109 623 4163 talis
647 4105 830 4173 eitribuunt,
858 4121 929 4176 quse
947 4121 1002 4158 non
1020 4104 1074 4159 nisi
1091 4112 1206 4175 peccato
1224 4104 1336 4175 proprie
1361 4124 1469 4161 omnem
1492 4124 1606 4160 carnem
1631 4125 1686 4161 non
1713 4114 1858 4160 cunctatus
1884 4114 1924 4160 est
1947 4108 2049 4161 dicere.
2093 4106 2201 4179 [Pergit

500 4195 575 4250 dicto
599 4197 768 4264 competunt
802 4193 923 4263 August.
946 4190 995 4245 lib.
1015 4196 1039 4248 2.
1058 4198 1155 4245 contra
1170 4191 1275 4246 Julian.
1297 4196 1337 4246 te-
1362 4193 1536 4265 Augustinus
1563 4198 1591 4248 et
1617 4199 1713 4247 conus
1735 4192 1903 4263 Pelagianos
1927 4210 1961 4247 ex
1986 4194 2128 4253 veteribus
2151 4195 2201 4251 de-

498 4281 627 4337 stimonia
644 4279 791 4351 cypriani,
816 4277 932 4346 Hilarii,
957 4277 1128 4333 Nazianzeni
1150 4283 1179 4332 et
1195 4275 1336 4330 Ambrosii
1361 4286 1511 4348 monstrat,
1540 4280 1693 4348 baptizatos
1713 4296 1845 4349 pugnare
1868 4287 1967 4333 contro
1991 4280 2067 4333 illud
2085 4281 2201 4351 malum,

497 4368 612 4439 allegat,
630 4384 694 4421 oum
713 4382 779 4437 ergo
797 4364 951 4429 audiemus,
968 4370 996 4418 et
1014 4363 1127 4434 quidem
1143 4380 1177 4418 eo
1194 4363 1336 4431 attentius,
1362 4385 1423 4420 oum
1441 4384 1495 4436 qao
1515 4366 1577 4419 nati
1594 4373 1671 4429 sunt,
1690 4383 1745 4419 non
1763 4367 1841 4434 quod
1856 4366 1912 4418 sibi
1927 4366 1986 4433 iniri
1996 4367 2109 4436 prioris
2125 4368 2200 4421 uitae

498 4471 554 4526 quo
578 4452 689 4524 aegrius
712 4451 767 4507 fert
785 4451 983 4514 Bellarminus,
1007 4467 1057 4506 nos
1075 4451 1198 4520 ipsorum
1214 4450 1337 4521 gaudere
1362 4454 1441 4507 mola
1458 4454 1656 4507 consuetudine
1666 4451 1826 4521 fecerunt]
1851 4452 2017 4507 Ambrosius
2033 4469 2119 4522 super
2131 4454 2201 4510 Luc.

498 4556 648 4604 consensu,
674 4538 749 4592 unde
772 4538 893 4593 scribere
911 4553 967 4591 non
986 4543 1111 4604 veretur,
1147 4536 1336 4590 Glremnicium
1363 4544 1404 4594 58.
1425 4539 1508 4604 dicit,
1533 4539 1732 4593 dissensionem
1749 4537 1846 4592 carnis
1870 4546 1896 4592 et
1914 4540 2024 4594 arsimus
2041 4556 2099 4608 per
2113 4556 2201 4607 prae·

497 4625 767 4692 msoeimpudentioe
778 4623 1190 4693 ctnequitiaeinpereertendis
1199 4624 1338 4692 Cypriani
1361 4627 1563 4679 refricationem
1579 4626 1672 4695 primi
1691 4626 1811 4679 mainis
1836 4625 1865 4678 in
1883 4615 2014 4679 naturam
2029 4643 2060 4680 se
2076 4627 2200 4681 sanans

497 4720 524 4766 st
545 4710 659 4765 Hilarii
679 4710 763 4763 dictis
781 4718 936 4779 perpetuas
956 4710 986 4762 in
1003 4709 1129 4776 pelicano
1145 4725 1255 4778 poenas
1274 4711 1334 4762 sine
1361 4714 1398 4766 In
1419 4713 1493 4766 libro
1520 4714 1555 4766 de
1572 4712 1659 4765 Isaac
1682 4718 1709 4764 et
1728 4712 1835 4769 anima.
1869 4714 1968 4766 Bonus
1987 4720 2080 4766 rector
2107 4713 2201 4768 malos

498 4798 584 4854 dulia
602 4798 745 4851 luiturum.
778 4795 944 4849 Ambrosius
963 4793 992 4847 in
1008 4793 1080 4848 libro
1098 4794 1335 4851 conuaNoratia·
1362 4816 1446 4868 equos
1475 4798 1620 4868 restringit
1647 4806 1673 4851 et
1699 4805 1826 4866 reuocat,
1855 4798 1941 4851 bonus
1968 4798 2077 4855 incitat.
2121 4783 2204 4853 Boni

496 4900 559 4939 nos:
581 4885 682 4939 Omnes
701 4882 825 4935 nomines
843 4880 893 4933 sub
908 4888 1028 4948 peccato
1046 4882 1198 4946 noscimur,
1217 4899 1335 4951 quanm
1362 4886 1426 4956 equi
1446 4893 1510 4939 snnt
1533 4892 1670 4953 quatuo&
1693 4883 1861 4953 prudentia,
1889 4885 2089 4953 temperantia,
2113 4886 2201 4950 forti·

497 4971 557 5041 ipsc
574 4979 654 5025 ortus
671 4970 701 5022 in
718 4969 785 5022 vitio
804 4974 853 5032 est,
874 4966 938 5020 idco
951 4967 1041 5020 Pauli
1058 4984 1126 5020 coro
1143 4985 1245 5037 corpus
1263 4987 1335 5023 mor·
1361 4975 1438 5035 tudo,
1452 4972 1584 5041 justitia5
1610 4971 1682 5025 moli
1698 4971 1776 5040 sossi,
1795 4971 1954 5034 iracundia,
1972 4972 2202 5041 concupiscentia

497 5058 534 5109 tir
552 5065 629 5110 erat:
660 5055 718 5126 [Ex
739 5053 783 5108 his
804 5051 896 5107 verbis
913 5052 954 5106 ita
971 5052 1079 5124 colligit
1094 5053 1228 5124 August:
1250 5057 1334 5108 Num·
1360 5060 1452 5127 timor,
1470 5058 1606 5126 iniquitas
1625 5056 1673 5126 {aa
1690 5075 1744 5125 qao
1763 5056 1926 5125 itaeollipit
1935 5058 2128 5125 Augustinus:
2146 5056 2202 5111 Ga·

497 5143 568 5212 guid
585 5144 729 5212 apostolus
742 5141 852 5194 Paulus
868 5157 924 5193 non
942 5147 1004 5192 criu
1019 5140 1195 5210 baptisatus?
1214 5148 1264 5193 aut
1281 5141 1334 5195 ali·
1361 5145 1463 5199 tlolice
1487 5144 1556 5198 istos
1579 5162 1663 5213 equos
1686 5143 1869 5212 intellipimus
1895 5144 1964 5196 uitia
1984 5151 2098 5208 amun,
2127 5161 2204 5213 gisae

410 5295 414 5304 Ι
498 5228 569 5296 quid
591 5230 619 5282 ei
641 5230 685 5282 vel
705 5225 887 5297 oripinalium
906 5225 950 5279 uel
964 5226 1150 5293 propriorum
1157 5245 1169 5293 ;
1193 5228 1237 5280 uel
1257 5227 1334 5296 ipno·
1361 5231 1533 5300 lenimentis
1552 5247 1585 5283 ea
1603 5230 1662 5297 ispe
1675 5229 1789 5299 pcccati
1805 5230 1944 5284 resistunt.
1984 5230 2079 5292 Quare
2094 5248 2153 5285 non
2170 5231 2204 5285 in

496 5314 607 5367 rantiae
625 5316 669 5369 uel
687 5314 820 5368 scientiae
842 5312 987 5365 remissum
1011 5328 1067 5363 non
1086 5313 1182 5374 suerat
1204 5322 1334 5383 peccato-
1361 5316 1524 5384 baptismate
1543 5318 1713 5386 perierunt!
1740 5333 1778 5369 on
1802 5317 1927 5369 nondum
1944 5315 2096 5383 fautoris,
2124 5318 2205 5390 guod

496 5402 580 5455 rum!
602 5400 680 5453 Unde
697 5417 764 5469 erpo
781 5398 854 5452 talia
872 5397 1056 5467 loquelatur!
1074 5400 1133 5451 Les
1147 5400 1202 5452 isla
1213 5400 1334 5468 peccati,
1360 5410 1456 5455 reatus
1475 5419 1568 5456 eorum
1582 5401 1711 5471 perierit,
1730 5402 1881 5471 infirmitas
1898 5403 2050 5456 marrssrit:
2069 5420 2128 5455 non
2138 5421 2204 5460 rea·

495 5503 568 5557 quae
591 5487 623 5540 in
643 5486 771 5539 mentiris
796 5492 837 5539 est
855 5484 984 5553 corporis
1003 5484 1101 5538 mortis
1119 5485 1217 5554 liujus,
1242 5493 1268 5538 et
1290 5502 1333 5538 re·
1360 5496 1418 5553 tus,
1447 5507 1501 5558 quo
1519 5489 1585 5556 ipso
1604 5491 1802 5557 reassumit,
1826 5490 1877 5542 sed
1899 5506 1953 5558 quo
1970 5506 2022 5543 nos
2038 5506 2105 5543 reor
2122 5491 2203 5554 fece·

495 5575 582 5630 missa
600 5579 641 5626 est
657 5571 866 5640 regeneratione
884 5570 1030 5641 spirituali
1047 5578 1073 5624 et
1091 5578 1183 5624 monet
1200 5571 1230 5624 in
1247 5588 1333 5625 carne
1358 5583 1424 5627 rant
1448 5577 1478 5627 in
1502 5576 1588 5629 malis
1612 5576 1757 5644 operibns,
1786 5593 1840 5644 quo
1870 5593 1922 5629 nos
1947 5583 2110 5643 uasorum
2149 5594 2205 5632 nec

494 5659 623 5728 mortali,·
642 5657 762 5712 remissa
778 5657 887 5711 scilicet
904 5657 973 5726 oasa
991 5664 1087 5711 reatus
1104 5656 1212 5710 solam
1230 5664 1272 5711 est
1288 5675 1332 5711 aa·
1359 5661 1400 5714 ita
1416 5677 1511 5716 corum
1528 5662 1631 5715 mansu
1649 5662 1815 5728 infirmitas,
1840 5662 1923 5730 quasi
1942 5662 2040 5732 alipio
2062 5662 2120 5716 sint
2137 5665 2205 5719 ani·

495 5754 652 5818 cromerus,
678 5760 733 5816 giso
760 5750 947 5799 renascuntur
972 5742 1086 5813 fideles,
1112 5750 1206 5797 manet
1231 5750 1332 5815 mus,
1357 5748 1460 5816 matio,
1480 5764 1553 5818 quoe
1569 5748 1764 5818 infirmantur,
1780 5748 1833 5802 scd
1849 5739 1949 5803 'riostra
1968 5747 2121 5819 infirmitas
2134 5750 2206 5821 ipsa
