5017 6675
1689 482 1795 538 m:
1829 481 2261 540 ammona
2294 480 2398 537 m·
2428 480 3043 540 mnoBAnoNE.
3677 541 3682 547 ,
3920 465 3922 467 ’
3976 491 4055 549 ιι

652 634 783 690 illos
829 632 1039 690 debitis
1088 632 1267 703 afficit
1314 634 1509 706 poenis
1526 675 1543 707 ,
1583 635 1745 691 'solos
1798 635 2123 694 obedientes
2173 640 2334 691 ornat
2387 637 2498 689 sibi
2530 636 2940 704 imayinantum
2972 642 3091 691 toto
3123 633 3281 692 coelo
3316 642 3515 692 mant
3548 642 3604 691 et
3633 652 3901 705 mmm
3923 653 4058 707 poeb

653 720 938 792 praemiis.
1009 720 1180 777 Nulla
1210 721 1301 776 hic
1337 723 1641 779 voluntatis
1678 723 2056 778 contrarietas.
2130 722 2334 778 Veniat
2386 731 2571 777 catum
2611 724 2927 778 admittunt.

655 807 907 862 medicus
961 806 1167 879 aliquis
1219 808 1293 862 ad
1342 808 1538 865 urbem
1589 816 1746 881 peste
1792 809 2079 879 infectam,
2134 808 2333 864 afferat
2454 814 2538 865 81.
2609 808 2802 865 Solent
2848 807 3072 879 quidem
3123 806 3259 861 satis
3294 806 3470 861 multa
3507 821 3608 877 pro
3642 821 3745 861 sua
3782 807 4059 863 sententia
4081 818 4244 870 Expu-

658 894 915 949 omnibus
985 894 1287 964 pretiosam
1356 896 1609 951 sanitatis
1686 896 2041 951 medicinam.
2120 896 2169 950 si
2233 895 2331 967 qui
2362 887 2760 949 confirmanda
2806 892 3032 954 afferre;
3094 892 3316 947 interim
3365 898 3580 954 tamen,
3634 892 3766 964 quia
3815 893 3874 947 in
3920 910 3971 950 c.
4005 900 4055 949 9.
4080 873 4214 966 {⁸4:23³
4221 884 4261 915 ⁰
4270 871 4311 916 ⁹·

655 986 848 1050 postea
899 979 1155 1035 sanitatis
1202 980 1387 1036 media
1432 988 1796 1052 aspernentur
1840 999 1945 1038 nec
1990 981 2140 1036 illius
2197 988 2329 1036 actu
2384 980 2538 1051 epist.
2589 980 2820 1034 Roman.
2870 979 3215 1050 potissimum
3271 994 3472 1033 causae
3524 994 3659 1033 suae
3709 978 3878 1034 robur
3923 997 4054 1035 con-

657 1064 959 1137 participes
994 1064 1157 1134 fiant,
1203 1065 1451 1137 ipsorum
1492 1068 1659 1138 culpa
1695 1068 1754 1122 id
1793 1068 2025 1134 accidit,
2072 1073 2328 1121 manente
2384 1067 2637 1121 stitutum
2679 1066 2886 1122 habere
2924 1065 3030 1119 sibi
3064 1065 3350 1129 videntur,
3392 1064 3522 1119 >ideo
3559 1080 3671 1118 non
3706 1064 3810 1119 abs
3833 1082 3895 1120 re
3934 1064 4054 1120 fore

656 1151 811 1205 salva
844 1159 1018 1223 atque
1048 1151 1268 1223 integra
1304 1152 1557 1210 benefica
1589 1154 1697 1208 ista
1731 1153 1932 1208 medici
1969 1170 2103 1226 erga
2141 1169 2352 1227 omnes¹
2384 1153 2718 1208 arbitramur
2733 1193 2748 1222 ‚
2816 1153 2862 1206 si
2930 1151 3089 1206 istius
3163 1149 3584 1221 explicationem
3641 1150 3868 1206 brevem
3924 1149 4055 1205 sub·
4080 1164 4157 1204 ιν.
4187 1162 4278 1206 1711.

659 1236 812 1292 urbis
842 1237 1059 1292 incqu
1091 1236 1394 1294 voluntate.
1465 1239 1580 1296 Sed
1615 1239 1753 1312 quid
1779 1240 2074 1312 peregrina
2099 1238 2327 1294 assumi-
2380 1239 2652 1309 jiciamus.
2707 1257 2719 1266 ·

658 1322 819 1377 mus?
870 1321 1125 1378 Christus
1160 1324 1297 1381 Luc.
1339 1331 1416 1382 14.
1462 1327 1708 1382 declarat
1744 1327 1804 1382 id
1845 1326 2096 1398 exemplo
2131 1325 2328 1396 patris-
2453 1331 2535 1382 82.
2610 1325 2820 1396 Scopus
2857 1323 3094 1395 apostoli
3129 1329 3214 1378 est
3249 1338 3536 1378 occurrere
3571 1322 3834 1377 scandalo
3855 1362 3869 1389 ,
3905 1323 4056 1395 quod

657 1408 926 1476 familias,
982 1410 1081 1481 qui
1121 1417 1287 1481 ‘parat
1330 1428 1561 1466 coenam
1608 1429 1866 1484 magnam
1912 1419 1971 1467 et
2015 1411 2158 1466 serio
2193 1411 2329 1480 vult,
2384 1428 2450 1466 ex
2501 1410 2814 1480 abjectione
2864 1410 3048 1481 gentis
3082 1409 3354 1465 Judaicae
3387 1408 3495 1479 piis
3531 1408 3661 1463 oriri
3700 1414 3947 1479 poterat,
3994 1417 4060 1464 ut

658 1502 722 1549 ιιι
770 1512 966 1550 omnes
1008 1497 1193 1552 vocati
1236 1505 1593 1569 compareant
1637 1506 1808 1571 atque
1842 1497 2003 1553 bonis
2041 1497 2328 1569 perfruan-
2384 1498 2462 1551 ita
2509 1498 2677 1551 etiam
2713 1498 2858 1551 hanc
2893 1503 3103 1567 syrtem
3138 1496 3383 1566 ipsorum
3422 1511 3550 1566 spes
3588 1502 3708 1549 tuto
3741 1502 4058 1565 praeterna-

660 1587 779 1646 tun-3
813 1587 875 1636 at
907 1588 1209 1654 postquam
1243 1583 1415 1654 ipsius
1453 1586 1798 1640 vocationem
1830 1592 1888 1641 et
1910 1583 2331 1640 beneficentiam
2387 1585 2576 1655 vigare
2638 1589 2846 1654 posset.
2938 1582 3183 1652 Exponit
3242 1581 3469 1652 quidem
3522 1580 3806 1651 apostolus
3858 1597 4058 1636 causas

662 1675 1039 1732 contemnunt,
1076 1668 1198 1724 vult
1221 1676 1278 1725 et
1305 1671 1568 1736 decernit,
1604 1678 1669 1727 ut
1696 1688 1859 1727 nemo
1888 1688 2079 1727 eorum
2102 1687 2329 1728 coenam
2385 1670 2535 1723 illius
2570 1668 2914 1739 abjectionis,
2951 1684 3098 1739 quae
3134 1673 3294 1722 suntz
3334 1672 3381 1721 1.
3422 1668 3762 1734 confidentia
3785 1668 4059 1734 carnalis,

662 1763 912 1825 paratam
948 1761 1152 1826 gustet.

515 1889 593 1929 ιιι-
732 1880 814 1931 78.
884 1873 972 1929 Ex
1017 1874 1122 1930 hoc
1167 1874 1323 1931 fonte
1353 1877 1705 1947 promanavit
1743 1877 2025 1933 distinctio
2062 1877 2207 1932 inter
2242 1895 2335 1929 vo·

514 1940 609 2030 ’,ΣΤ
666 1959 931 2014 luntatem
987 1963 1111 2014 Dei
1164 1964 1573 2016 antecedentem
1629 1972 1680 2016 et
1731 1972 2173 2032 consequentem,
2227 1977 2362 2034 qua

514 2048 637 2133 ἔξ·
667 2045 1022 2102 distinctione
1081 2065 1213 2102 usus
1276 2053 1363 2103 est
1428 2048 1773 2119 Chysostom.
1870 2057 2002 2105 tom.
2069 2057 2117 2104 4.
2175 2066 2336 2104 serm.

514 2154 603 2185 κω
666 2149 832 2204 super
883 2133 1044 2204 epist.
1103 2133 1179 2189 ad
1231 2133 1435 2206 Ephes.
1503 2134 1830 2193 Damascen.
1886 2142 1934 2191 2.
1999 2137 2069 2191 de
2122 2135 2337 2191 orthod.

514 2208 649 2290 ἓξὲξ
666 2217 776 2274 fide
820 2236 867 2274 c.
906 2226 989 2276 29.
1037 2226 1094 2274 et
1124 2220 1220 2275 lib.
1262 2227 1306 2275 1.
1343 2228 1538 2276 contra
1572 2221 1782 2278 haeres.
1838 2221 2081 2277 Manich.
2140 2223 2337 2277 Ansel—

668 2322 788 2359 mus
823 2321 948 2361 eam
983 2306 1063 2360 ita
1094 2305 1283 2361 effert:
1307 2307 1440 2374 ,alia
1476 2315 1557 2361 est
1594 2309 1852 2362 voluntas
1889 2309 2337 2377 misericordiae,

668 2391 791 2443 alia
829 2391 1114 2461 justitiae.
1186 2391 1514 2448 scholastici
1563 2393 1784 2448 dicunt:
1832 2395 2113 2449 voluntate
2140 2395 2337 2464 prima

670 2480 831 2531 Deus
885 2478 1003 2532 malt
1040 2495 1254 2533 omnem
1286 2480 1561 2533 hominem
1594 2480 1813 2534 salvum
1834 2481 2001 2548 fieri,
1994 2503 2007 2515 ·
2052 2489 2112 2535 at
2149 2481 2338 2535 volun·

668 2572 778 2620 taes
822 2567 1075 2628 secunda
1120 2585 1235 2621 non
1281 2568 1400 2621 vult
1444 2569 1742 2638 reprobum
1775 2567 2022 2638 salvum,
2071 2569 2134 2622 in
2166 2586 2337 2638 quan·

666 2652 1290 2722 mmipsetalisest.
1379 2653 1576 2710 Thom.
1631 2673 1687 2725 p.
1748 2661 1791 2711 1.
1848 2673 1902 2726 q.
1964 2661 2043 2712 19.
2097 2660 2198 2709 art.
2260 2661 2372 2710 16.1

665 2736 873 2794 Bonav.
914 2745 958 2796 1.
996 2746 1136 2795 sent.
1171 2740 1299 2794 dist.
1340 2746 1421 2797 47.
1462 2747 1566 2795 art.
1594 2758 1688 2797 un.
1712 2759 1765 2813 q.
1794 2759 1885 2796 un.
1959 2739 2337 2811 Amplectitur

664 2822 810 2878 lianc
875 2824 1289 2882 distinctionem
1358 2827 1526 2882 etiam
1590 2825 1882 2881 Hubertus
1938 2826 2214 2884 Sturmius
2269 2827 2338 2881 de

663 2910 941 2980 praedest.
981 2930 1035 2983 p.
1078 2917 1191 2979 181,
1231 2911 1328 2983 qui
1366 2912 1659 2969 Calvinum
1696 2913 1838 2968 alius
1872 2914 2138 2986 sequitur.

2366 1772 2501 1826 qua
2542 1755 2865 1810 electionem
2911 1759 2970 1838 gt
3015 1754 3290 1809 beneficia
3324 1753 3563 1808 Messias
3609 1769 3679 1807 ac
3725 1753 3883 1824 regni
3934 1769 4062 1808 coe·

2389 1841 2542 1897 lestis
2589 1841 2797 1896 carnali
2851 1840 3120 1895 duntaxat
3155 1840 3517 1912 generatione
3553 1843 3612 1894 et
3643 1839 3905 1910 prosapia
3942 1855 4058 1893 me-

2389 1927 2695 1996 tiebantur,
2742 1926 2814 1980 de
2854 1942 2966 1998 qua
3015 1941 3060 1979 c.
3101 1932 3148 1982 9.
3186 1929 3486 1993 tractatum
3541 1927 3594 1981 2.
3634 1933 3935 1978 contemtus
3958 1927 4059 1995 ju—

2359 2004 2580 2066 stitias
2617 2013 2736 2065 Dei
2767 2028 2870 2083 per
2902 2011 3373 2082 praedicationem
3411 2010 3686 2082 evangelii
3727 2011 3797 2066 de
3836 2010 4059 2066 Christo

2392 2099 2527 2168 ipsis
2563 2098 2784 2154 oblatae
2819 2104 2876 2152 et
2912 2097 3167 2168 propriae
3195 2096 3448 2167 justitiae
3474 2096 3826 2166 confidentia,
3853 2097 3924 2152 de
3947 2113 4061 2169 qua

2391 2201 2439 2238 c.
2484 2190 2579 2253 1ος
2618 2191 2672 2239 3.
2699 2184 3008 2252 infidelitas
3045 2185 3344 2252 stupenda,
3383 2200 3549 2254 quam
3584 2184 3750 2238 etiam
3778 2184 4060 2239 induratio

2394 2276 2450 2325 et
2500 2269 2816 2325 excaecatio
2857 2268 3166 2340 justissimo
3213 2267 3321 2323 Dei
3367 2269 3582 2340 judicio
3630 2269 3702 2324 sit
3745 2276 4060 2338 consecuta,

2392 2357 2463 2411 de
2499 2372 2613 2428 qua
2650 2373 2696 2410 c.
2743 2362 2819 2412 11.
2887 2354 3120 2410 Interim
3155 2362 3341 2411 tamen
3386 2356 3557 2411 series
3589 2356 3935 2410 tractationis
3976 2363 4061 2412 est

2396 2440 2689 2512 llsyxnxrj.
2779 2440 3090 2495 Introducit
3147 2440 3296 2495 enim
3350 2441 3634 2513 apostolus
3683 2441 3931 2497 «ludaeos
3982 2441 4064 2497 sic

2371 2527 2803 2598 obstrepentes:
2875 2527 2947 2581 δι’
2987 2527 3270 2596 populum
3320 2536 3572 2581 nostrum
3622 2530 3786 2581 Deus
3841 2527 4065 2596 abiecit,

2394 2632 2526 2683 erqo
2561 2614 2770 2686 excidit
2802 2628 2987 2665 sermo
3028 2613 3163 2680 Dei,
3204 2612 3271 2666 id
3307 2620 3390 2666 est
3427 2631 3579 2667 vana
3617 2614 3726 2667 erit
3753 2614 4063 2683 promissio

2390 2701 2651 2769 patribus
2684 2699 2895 2752 nostris
2932 2698 3279 2766 Abrahamo,
3312 2698 3522 2752 Isadco
3554 2707 3607 2752 et
3626 2700 3850 2753 Jacobo
3870 2700 4063 2767 facta.

2391 2804 2438 2839 v
2459 2791 2508 2842 6.
2547 2784 2912 2840 Connexionis
2937 2784 3207 2839 rationem
3220 2784 3488 2854 petebant
3509 2800 3575 2838 ex
3603 2783 3782 2838 forma
3809 2783 4065 2853 foederis,

2394 2871 2543 2943 quod
2577 2888 2707 2927 cum
2735 2870 3053 2926 Abrahamo
3085 2869 3244 2923 Deus
3279 2870 3507 2939 inierat,
3546 2869 3750 2926 Genea.
3797 2876 3877 2934 17,
3914 2887 3966 2924 v.
4005 2876 4064 2925 7·

2394 2961 2518 3013 Ero
2552 2960 2712 3012 Deus
2757 2966 2884 3010 tuus
2935 2964 2987 3009 et
3031 2956 3260 3010 seminis
3311 2957 3398 3009 tui
3435 2963 3571 3026 post
3619 2964 3686 3010 te.
3754 2953 4065 3026 Apostolus

738 3038 821 3089 79.
891 3031 1206 3104 Distinguit
1251 3040 1437 3090 autem
1470 3033 1612 3090 haec
1645 3034 1844 3091 divisio
1879 3051 1991 3089 11011
2026 3035 2203 3106 ipsam
2238 3051 2340 3105 per
2395 3049 2567 3115 negat
2599 3041 2996 3098 connexionem
3033 3048 3092 3096 et
3126 3042 3198 3095 ad
3233 3041 3704 3098 confirmationem
3739 3058 3841 3112 pro
3878 3058 3947 3096 ea
3967 3041 4065 3096 ad-
4116 3054 4122 3066 “

663 3133 729 3172 se
780 3116 1151 3188 voluntatem,
1201 3134 1346 3191 quae
1401 3119 1460 3174 in
1506 3118 1631 3176 Deo
1682 3136 1797 3174 una
1847 3126 1906 3175 et
1955 3121 2196 3175 indivisa
2240 3126 2364 3211 eet-7
2397 3130 2620 3184 ductam
2670 3128 2996 3200 respondet,
3055 3129 3350 3199 plerosque
3399 3127 3436 3183 J
3440 3128 3743 3183 udaeorum
3785 3144 3899 3182 non
3944 3142 4065 3181 esse

665 3202 816 3258 sicut
849 3210 924 3263 et,
938 3221 1054 3259 una
1089 3205 1359 3274 essentia3
1396 3205 1497 3259 sed
1518 3205 1802 3277 geminum
1825 3206 1983 3260 istius
2008 3213 2336 3277 respectum.
2363 3242 2366 3254 ι
2393 3215 2558 3270 hodie
2590 3232 2658 3270 εχ
2691 3215 2898 3270 gemine
2922 3213 3204 3281 Abrahae,
3241 3215 3416 3290 quia
3409 3213 3492 3267 ini
3529 3219 3743 3268 tantum
3774 3228 4067 3268 numeran-

663 3289 738 3345 In
785 3291 1153 3347 antecedente
1206 3291 1491 3347 voluntate
1543 3297 1832 3364 respectus
1883 3291 2122 3349 habetur
2170 3290 2364 3349 medi·
2395 3310 2487 3358 tur
2518 3302 2578 3357 in
2613 3301 2850 3370 semine,
2885 3301 2983 3373 qui
3018 3307 3149 3356 sunt
3181 3299 3283 3355 filii
3315 3300 3722 3371 promissionis·
3707 3341 3724 3370 ,
3773 3316 3902 3355 cum
3933 3313 4065 3355 vero

666 3394 830 3431 orum
862 3378 937 3431 td
973 3377 1207 3433 salutem
1222 3418 1237 3446 ‚
1284 3384 1449 3448 prout
1488 3395 1557 3434 ex
1588 3386 1748 3450 parte
1776 3379 1886 3436 Dei
1921 3379 2177 3435 ordinata
2211 3386 2342 3435 sunt
2394 3390 2650 3487 pleri-que
2682 3388 3024 3444 ,Iudaeorum
3073 3387 3182 3442 hoe
3229 3393 3479 3459 tempore
3513 3404 3625 3442 non
3660 3386 3774 3441 sint
3807 3386 3913 3440 filii·
3941 3404 4065 3458 pro·

664 3469 729 3520 et
777 3464 1035 3519 omnibus
1086 3463 1410 3520 offeruntur.
1504 3467 1571 3520 In
1626 3474 2000 3538 consequente
2054 3468 2342 3522 voluntate
2396 3475 2698 3544 missionis,
2760 3473 3035 3545 siquidem
3093 3490 3207 3528 non
3264 3474 3499 3528 credant
3555 3461 3871 3544 evangelio,
3938 3473 4066 3529 ideo
4099 3507 4115 3520 .

664 3557 955 3620 retpectus
1007 3550 1243 3606 habetur
1291 3552 1593 3606 eorundem
1644 3553 1977 3623 mediorum,
2032 3555 2131 3608 sed
2179 3562 2344 3625 prout
2396 3563 2561 3618 etiam
2599 3578 2693 3616 eos
2728 3576 2842 3613 non
2874 3560 3153 3614 numerari
3192 3559 3252 3613 in
3271 3554 3481 3615 semine
3514 3565 3571 3614 et
3599 3575 3700 3629 per
3721 3574 4065 3631 consequens

664 3636 743 3691 ab
778 3635 1096 3691 bominibus
1130 3643 1496 3707 acceptantur
1528 3638 1618 3694 vel
1654 3639 2034 3711 negliguntur.
2104 3641 2341 3696 Antece·
2396 3665 2507 3703 non
2544 3647 2789 3719 gaudere
2824 3644 3201 3716 promissione.

665 3723 809 3777 dens
838 3722 1098 3777 voluntas
1132 3723 1260 3778 ideo
1295 3724 1374 3778 sic
1412 3724 1743 3795 appellatur,
1782 3726 1915 3797 quia
1950 3725 2341 3781 consideratio·
2468 3740 2548 3789 83.
2619 3732 2887 3802 Majorem
2921 3730 3376 3800 propositionem,
3426 3729 3576 3825 quod
3610 3729 3826 3784 scilicet
3862 3729 3944 3783 illi
3980 3746 4067 3785 so·

664 3826 798 3864 nem
841 3805 1191 3864 obedientiae
1235 3810 1326 3864 vel
1384 3810 1794 3867 inobedientiae
1846 3812 2130 3868 hominum
2185 3829 2343 3883 prae·
2397 3819 2513 3872 lum
2563 3823 2922 3872 numerentur
2970 3814 3030 3868 in
3075 3813 3312 3883 semine,
3362 3814 3460 3886 qui
3510 3820 3640 3869 sunt
3684 3813 3788 3869 filii
3835 3814 4068 3885 promis·

664 3895 849 3959 cedit,
904 3901 962 3950 et
1016 3899 1273 3965 respectu
1333 3902 1554 3951 constat
1603 3896 1867 3969 simplici,
1921 3917 2032 3970 quo
2094 3897 2344 3954 benefica
2400 3905 2599 3972 sionis,
2656 3919 2863 3975 negare
2919 3900 3175 3956 solebant
3227 3900 3460 3965 Judaei,
3519 3902 3651 3972 quia
3706 3918 3775 3956 θα
3828 3900 4068 3956 naturali

664 3982 767 4039 illa
810 3980 919 4037 Dei
955 3981 1209 4035 voluntas
1249 3981 1558 4052 aequaliter
1609 4001 1671 4039 se
1722 3983 1892 4039 habet
1947 4001 2085 4056 erga
2136 4001 2338 4039 omnes.
2375 3990 2802 4063 ¹propagatione
2834 3988 2978 4043 filios
3008 3987 3272 4043 Abrahae
3307 3987 3693 4057 aestimabant,
3732 3987 3876 4042 sicut
3899 3987 4069 4042 etiam

664 4066 1029 4138 Consequens
1071 4066 1330 4121 voluntas
1374 4067 1501 4122 ideo
1537 4069 1618 4123 eie
1654 4070 1994 4140 appelletur,
2047 4070 2179 4142 quia
2214 4088 2342 4125 eon·
2397 4078 2525 4135 Joh.
2564 4085 2612 4146 s,
2646 4095 2698 4131 v.
2726 4083 2808 4134 39.
2843 4075 3183 4148 gloriantur.
3220 4075 3404 4129 Pater
3423 4084 3615 4129 nostor
3634 4075 3930 4129 Abraham
3953 4083 4068 4142 m,-

667 4153 1062 4209 siderationem
1126 4152 1480 4209 obedientiae
1544 4154 1636 4208 vel
1700 4155 2113 4211 inobedientiae
2172 4157 2342 4211 homi·
2369 4216 2371 4231 .
2400 4166 2499 4220 sed
2545 4170 2609 4219 ut
2645 4163 2839 4218 eodem
2875 4163 2999 4217 1000
3034 4161 3285 4217 Christus
3324 4160 3443 4230 ipse
3475 4162 3805 4231 respondet:
3857 4162 3928 4215 Si
3947 4160 4075 4228 filis·

664 4257 805 4294 num
856 4238 1245 4310 subsequitur,
1296 4245 1352 4293 et
1396 4246 1651 4310 respectu
1698 4246 1918 4295 constat
1964 4241 2346 4309 determinato,
2367 4214 2370 4245 L
2400 4252 2672 4307 Abrahae
2713 4251 2930 4319 escaus,
2983 4266 3160 4319 opera
3198 4248 3467 4302 Abrahae
3490 4248 3789 4315 faceretis,
3831 4253 3889 4303 et
3922 4248 4071 4302 sicut

664 4331 835 4396 prout
890 4324 1086 4379 eadem
1135 4325 1391 4380 voluntas
1444 4342 1507 4381 se
1558 4324 1733 4381 habet
1777 4326 1851 4380 ad
1895 4326 2145 4383 homines
2191 4328 2347 4389 τάξιν
2399 4339 2529 4396 Joh,
2567 4345 2613 4409 1,
2641 4356 2692 4392 v.
2734 4342 2815 4392 13.
2849 4335 3080 4405 dicitur,
3099 4336 3264 4403 filios
3299 4335 3418 4387 Dei
3450 4351 3563 4388 non
3600 4350 3668 4387 ex
3702 4335 4070 4402 san-quiniou

666 4412 826 4467 illam
872 4411 1178 4467 mediorum
1225 4412 1347 4481 ipso
1397 4417 1529 4466 actu
1577 4411 1667 4466 vel
1718 4420 2013 4484 sequentes
2046 4414 2138 4467 vel
2172 4415 2347 4486 negli-
2401 4443 2576 4496 new
2625 4443 2690 4480 a
2731 4423 3019 4478 voluntate
3068 4422 3259 4475 earnis
3309 4436 3485 4489 neque
3534 4438 3600 4474 ex
3632 4422 3918 4475 voluntate
3955 4420 4072 4475 viri

666 4506 880 4570 gentem
954 4496 1113 4552 Haec
1154 4497 1475 4569 judicemus
1521 4513 1624 4567 pro
1662 4498 2033 4569 explicatione
2068 4500 2229 4555 istius
2266 4501 2346 4554 di·
2400 4522 2564 4567 natos
2577 4533 2600 4581 ,-
2645 4510 2888 4581 denique
2922 4509 3068 4563 sicut
3098 4507 3332 4562 Roman.
3357 4513 3420 4575 ν«ι,
3452 4523 3505 4561 v.
3541 4511 3621 4563 ιι.
3656 4504 3877 4577 dicim,
3915 4506 4069 4577 aloa,

672 4584 985 4640 sfinetionie
1042 4582 1325 4647 sufficere
1348 4585 1371 4600 ²
1389 4600 1489 4655 per
1541 4600 1710 4655 quam
1765 4584 2130 4655 plurimorum
2183 4603 2347 4657 argu-
2377 4592 2501 4668 ‘qui
2556 4605 2843 4653 sectantur
2896 4595 3130 4662 vasa-‘9221
3177 4594 3327 4663 fidei
3378 4593 3670 4660 Abrahae,
3728 4608 3850 4649 esse
3910 4607 4068 4649 vero·

675 4678 989 4726 mentorum
1022 4668 1256 4724 funifflli
1296 4668 1523 4723 (115801Ὺί
1548 4676 1797 4740 P⁰⁸⁸¹²1¹fo
1834 4688 1881 4724 ⁸¹
1908 4678 2057 4726 recte
2087 4672 2348 4727 adhlbea·
2398 4686 2550 4739 illius
2568 4684 2739 4753 filios·
2763 4682 2844 4737 ita
2871 4694 3095 4751 quoque
3118 4678 3367 4734 hocloco
3384 4678 3726 4735 Judaeorum
3748 4676 4067 4751 gloriationi

672 4762 785 4811 Μ·
837 4755 1093 4812 Breviter
1124 4754 1550 4815 fundamentum
1587 4754 1756 4826 hujufl
1781 4756 2066 4811 ffiV¹⁸¹0¹¹i⁸
2097 4758 2350 4813 001181⁸tit
2377 4763 2700 4842 'respondet
2753 4768 3038 4838 apostolus
3051 4805 3066 4835 ,
3118 4764 3263 4819 filios
3301 4763 3681 4835 promissionis
3723 4764 4066 4820 solummodo

673 4860 732 4897 ¹1¹
786 4841 1026 4897 mifflbffi
1077 4840 1300 4898 dim
1342 4841 1601 4912 jmtffisse
1652 4847 1710 4897 0¹³
1757 4842 2165 4899 miflefissorffiae
2208 4850 2346 4898 tem·
2377 4858 2459 4911 ÷¹in
2509 4856 2719 4911 semine
2764 4852 3072 4921 numerari,
3116 4851 3286 4922 idque
3330 4850 3619 4906 confirmat
3649 4857 3789 4923 typo
3831 4848 4067 4920 duplicia

670 4934 1016 4999 menw-
2399 4943 2551 5013 prior
2593 4948 2680 4997 est
2722 4940 2798 4995 ab
2848 4938 3089 4993 Ismaiile
3142 4943 3201 4992 et
3241 4937 3465 5007 Isaaco,
3518 4954 3572 4992 v.
3620 4943 3678 5005 9;
3727 4936 3999 5006 posterior
4031 4952 4070 4992 a

743 5036 829 5090 80.
895 5028 1161 5085 Benefica
1211 5028 1309 5084 illa
1343 5027 1452 5083 Dei
1499 5028 1743 5083 omnium
1778 5027 2065 5083 hominum
2109 5030 2345 5085 salutem
2397 5028 2611 5085 «Iacobo
2655 5034 2713 5083 et
2741 5026 2940 5097 Esavo,
2979 5043 3031 5083 v.
3078 5032 3154 5081 10.

669 5117 818 5172 serio
868 5116 1181 5187 expetentis
1242 5114 1499 5170 voluntas
1563 5114 1882 5169 immediate
1943 5123 2162 5187 pugnat
2218 5132 2345 5172 cum
2468 5121 2552 5170 84.
2590 5113 2916 5185 Applicatio
2955 5111 3085 5167 talis
3125 5116 3224 5167 est.
3294 5110 3355 5167 Si
3386 5109 3535 5164 solus
3560 5110 3740 5174 Isaac,
3776 5124 3942 5181 quem
3963 5109 4066 5166 mi-

668 5203 940 5276 figmento
985 5202 1084 5256 illo
1136 5202 1209 5255 de
1256 5198 1513 5255 absoluta
1558 5202 1907 5272 quorundam
1942 5184 2345 5273 reprobatione,
2396 5202 2652 5257 raculosa
2700 5197 3076 5271 promissionis
3126 5196 3311 5268 gratia
3345 5194 3629 5250 Abraham
3673 5209 3742 5250 ex
3773 5193 3915 5253 Sus
3949 5213 4068 5252 sus·

668 5290 797 5345 ideo
834 5295 961 5344 et‘a
992 5285 1503 5359 propugnatoribus
1554 5285 1808 5358 figmenti
1860 5285 2010 5341 illius
2046 5287 2215 5358 plane
2249 5303 2344 5342 ne·
2375 5286 2574 5364 cepit,
2610 5291 2696 5341 est
2728 5301 2918 5339 verum
2952 5289 3010 5339 et
3044 5298 3368 5354 germanum
3407 5297 3594 5337 semen
3627 5281 3919 5352 Abrabae,
3953 5298 4066 5338 non

666 5382 851 5449 gatar.
922 5374 1077 5429 Besa
1117 5391 1172 5444 p.
1228 5379 1275 5429 2.
1314 5389 1455 5442 resp.
1488 5372 1563 5425 ad
1596 5371 1720 5427 coll.
1758 5390 1814 5443 p.
1861 5378 1985 5429 194:
2032 5376 2160 5427 Hoc
2198 5374 2346 5438 dico,
2367 5390 2372 5417 1
2396 5374 2564 5429 etiam
2598 5373 2826 5438 Ismael,
2886 5370 2984 5442 qui
3029 5375 3217 5425 tamen
3267 5384 3334 5422 ex
3379 5366 3574 5422 eodem
3611 5365 3935 5424 Abrahamo
3981 5385 4066 5425 se·

666 5480 958 5533 nunquam
1004 5469 1219 5530 tempus
1262 5460 1441 5521 misse
1475 5458 1564 5511 vel
1610 5475 1729 5513 esse
1771 5459 1862 5513 vel
1892 5462 2179 5526 flaturum,
2231 5478 2342 5530 quo
2367 5451 2372 5477 ⁸
2396 5459 2642 5515 cundum
2680 5473 2900 5513 carnem
2939 5456 3189 5527 genitus;
3230 5453 3493 5525 sequitur,
3526 5454 3738 5509 censeri
3768 5453 3916 5509 filios
3951 5471 4064 5518 non

656 5545 939 5618 'uolua-it,
997 5548 1132 5602 velie
1180 5553 1280 5599 aut
1326 5545 1605 5599 volitum
1653 5548 1728 5599 sit
1778 5548 1942 5600 Deus
1992 5547 2342 5616 sinqulorum
2367 5511 2372 5573 Β
2395 5545 2701 5601 secundum
2735 5560 2958 5598 carnem
2994 5557 3093 5596 seu
3129 5558 3196 5596 ex
3231 5538 3522 5595 nativitate
3556 5540 3794 5609 carnali,
3840 5540 3941 5595 sed
3977 5547 4064 5596 sa·

665 5635 941 5690 misereri.
1010 5631 1351 5688 Rennecber.
1390 5631 1462 5686 de
1498 5632 1775 5703 praedest.
1817 5651 1879 5704 p.
1909 5639 2033 5690 114:
2082 5633 2179 5688 iun·
2191 5673 2206 5700 ,
2243 5635 2346 5704 qui
2394 5633 2640 5688 cundum
2688 5629 3104 5701 promissionem
3119 5665 3135 5696 ,
3181 5625 3294 5681 fide
3325 5625 3442 5681 scil.
3485 5627 3904 5699 apprehensam.
3980 5625 4064 5682 Ao

667 5723 858 5777 Deum
917 5720 1161 5776 omnium
1218 5719 1476 5794 misereri
1523 5727 1579 5774 et
1628 5719 1883 5789 sinyulos
1931 5721 2156 5776 salvari
2197 5721 2343 5778 velle
2393 5719 2551 5792 prius
2600 5722 2686 5774 est
2720 5732 2942 5779 verum,
2989 5719 3056 5769 ut
3090 5718 3248 5785 patet
3288 5730 3358 5771 ex
3401 5713 3540 5775 Gen.
3589 5721 3647 5772 21
3670 5757 3687 5789 ,
3732 5732 3786 5772 v.
3837 5720 3929 5772 12:
3985 5713 4062 5772 In
