5017 6675
896 491 1574 612 onuuscnouusrnurrosarrouu
1892 534 1895 540 ’
2043 546 2083 606 os

387 706 443 745 non
461 687 523 744 vult
540 689 668 745 absolute
687 696 716 747 et
733 691 894 763 simpliciter
910 692 1006 761 finem,
1031 692 1156 748 uetiam
1176 692 1224 747 ab·
1251 695 1352 749 ditatis
1368 703 1482 749 οοοιοοο
1500 693 1602 763 Ephes.
1623 699 1651 759 1,
1672 711 1698 748 v.
1717 697 1758 750 14.
1776 699 1803 747 et
1824 692 2010 748 testimouium
2020 695 2085 760 sert

387 776 478 831 solute
506 782 534 831 ει
561 775 724 847 simpliciter
749 795 805 833 non
832 778 892 832 vult
919 777 1047 833 ordinata
1072 779 1108 832 ad
1133 778 1223 846 finem,
1252 781 1375 849 Spiritui
1387 788 1490 849 nostro,
1510 782 1587 850 quod
1603 780 1690 832 simus
1696 780 1759 848 filii
1775 780 1840 848 Dei,
1865 778 2083 847 Rom.8,v.16.

387 861 467 915 Deus
484 860 611 916 absolute
631 863 899 933 etsimpliciternon
910 864 970 917 vult
984 863 1075 933 finem,
1095 864 1225 919 videlieet
1252 871 1275 920 2.
1297 864 1394 935 Fides,
1420 868 1469 935 qui
1492 869 1565 920 enim
1583 867 1688 934 cedo,
1706 866 1891 920 testimouium
1910 867 1991 919 habet
2009 867 2038 918 in
2056 881 2086 919 ss

385 946 530 1001 hominum
556 948 770 1004 damnationem.
821 950 897 1020 Ergo
928 950 1012 1004 etiam
1042 951 1167 1005 absolute
1196 957 1224 1003 et
1251 952 1320 1020 ipso.
1366 957 1388 1006 l.
1413 951 1475 1006 Joh.
1495 959 1527 1021 ι,
1550 969 1575 1006 v.
1601 957 1639 1006 10.
1683 957 1706 1006 3.
1728 951 1802 1007 Vera
1826 952 1977 1018 invocatio,
2000 967 2085 1023 quam

308 1083 315 1090 ,
385 1032 551 1103 simpliciter
572 1050 628 1087 non
650 1035 738 1088 voluit
763 1035 885 1090 medium
902 1035 939 1091 ad
956 1035 1040 1091 finem
1059 1036 1223 1102 ordinatum,
1250 1037 1352 1093 excitat
1370 1038 1488 1107 Spiritus
1513 1037 1619 1108 gratiae
1638 1044 1666 1093 et
1683 1054 1803 1107 precum
1842 1037 1899 1099 Qui
1916 1038 2086 1091 invocaverit

383 1119 518 1174 videlicet
533 1119 764 1189 reprobationem.
1249 1139 1351 1176 nomen
1381 1125 1514 1192 Domini,
1549 1124 1645 1177 salvus
1675 1125 1736 1176 erit.
1792 1122 1871 1177 Rom.
1907 1129 1952 1192 10,
1987 1142 2011 1177 v.
2047 1128 2085 1179 13.

308 1217 356 1259 ιιι-
426 1209 483 1261 181.
524 1205 644 1262 Utamur
672 1207 755 1261 etiam
783 1206 836 1263 hoc
864 1213 1036 1278 argumento.
1085 1205 1224 1278 Legitima
1250 1215 1275 1262 4.
1295 1208 1423 1264 Studium
1442 1210 1611 1265 sanctitatis:
1632 1211 1729 1277 Elepit
1747 1211 1898 1278 oorDeus,
1916 1218 1947 1263 ut
1966 1226 2086 1263 asemas

310 1283 346 1312 p..

307 1325 344 1363 ts·

308 1529 346 1568 inl

385 1290 578 1361 interpretatio
602 1289 763 1363 scripturae
791 1310 824 1347 eo
852 1293 935 1348 debet
962 1311 1022 1348 εεεε
1046 1292 1165 1360 directa,
1193 1299 1225 1344 ut
1249 1296 1351 1351 saneti.
1388 1295 1489 1366 Ephes.
1512 1301 1540 1363 1,
1566 1313 1591 1350 v.
1613 1302 1641 1350 t:
1665 1297 1774 1360 firmum
1797 1304 1854 1348 stat
1863 1297 2085 1362 fundumentum

385 1382 495 1448 spectet
517 1376 659 1430 hominum
687 1376 840 1431 doctrinam
865 1384 893 1433 et
909 1378 1126 1433 consolationem
1143 1376 1222 1431 Rom.
1250 1382 1318 1449 Dei,
1345 1382 1449 1436 iubens
1476 1382 1653 1450 siptacuium
1682 1382 1748 1436 hoc:
1780 1381 1916 1449 Copuooit
1933 1383 2085 1451 Dominus,

386 1469 436 1529 15,
459 1481 484 1516 v.
507 1471 531 1519 t.
568 1463 608 1517 At
631 1463 655 1517 si
673 1463 858 1519 introducitur
875 1465 1032 1520 absolutum
1051 1463 1164 1535 aliquod
1182 1480 1222 1518 re·
1250 1469 1299 1536 qui
1323 1469 1380 1521 sint
1405 1469 1481 1536 ejus,·
1506 1476 1531 1520 et
1556 1469 1683 1521 discedot
1703 1469 1739 1520 ab
1757 1468 1919 1536 iniquitute,
1944 1469 1995 1535 qui
2010 1469 2086 1521 irivo-

310 1547 369 1620 ,ᾗ
383 1547 558 1619 probationis
578 1549 727 1618 decretum,
745 1549 877 1604 adimitur
894 1549 1051 1605 hominibus
1065 1549 1222 1604 consolatio.
1249 1553 1355 1606 caverr’t
1374 1571 1472 1606 nomen
1493 1554 1613 1606 Domini
1631 1560 1655 1608 2.
1676 1553 1748 1606 Tim.
1770 1558 1794 1620 2,
1812 1570 1838 1607 r.
1857 1559 1898 1608 21.
1934 1553 2084 1608 Externum

307 1633 352 1726 fb·
383 1633 463 1705 Ergo
492 1634 540 1689 illa
564 1634 723 1704 Scripturae
749 1635 954 1707 interpretatio,
981 1652 1054 1706 quae
1074 1636 1131 1689 tale
1155 1634 1222 1705 quid
1250 1638 1390 1694 electionis
1413 1639 1523 1708 signum
1547 1646 1590 1692 εει
1613 1655 1687 1692 crux.
1730 1637 1801 1692 Rom
1824 1643 1856 1700 8,
1881 1654 1909 1692 v.
1933 1643 1980 1692 29:
2013 1638 2088 1699 ροσε

384 1720 554 1791 introducit,
580 1736 637 1775 non
662 1727 705 1775 est
732 1738 799 1776 sana
828 1738 880 1776 nec
906 1722 1040 1794 legitima.
1088 1721 1222 1791 Majorem
1247 1725 1408 1793 praescivit,
1424 1725 1473 1778 hos
1481 1726 1708 1793 praedestinavit
1722 1725 1881 1788 conformes
1886 1725 1956 1791 fieri
1967 1724 2087 1793 imopini

383 1808 604 1878 propositionem
615 1825 671 1863 non
682 1809 848 1865 arbitramur
861 1808 987 1881 indigere
1001 1806 1222 1863 confirmatione:
1249 1809 1324 1862 Filii
1340 1810 1407 1863 Dei.
1442 1809 1472 1865 Si
1496 1811 1557 1881 quis
1572 1812 1632 1880 jam
1655 1810 1778 1872 dubitet,
1801 1827 1839 1863 an
1857 1809 1949 1879 gratia
1965 1808 2014 1863 illa
2031 1807 2085 1863 Dei

383 1894 476 1951 minor
492 1893 530 1948 ab
548 1894 714 1950 advmsanis
733 1902 865 1966 negatur,
892 1912 975 1967 quam
991 1894 1044 1949 hoc
1062 1894 1144 1948 modo
1160 1909 1222 1962 pro·
1249 1902 1277 1949 et
1303 1895 1432 1950 meritum
1455 1895 1556 1949 Christi
1583 1896 1620 1949 ad
1645 1913 1809 1967 aequoque
1832 1895 1983 1966 pertineat,
2007 1894 2085 1948 illum

383 1979 493 2035 umus.
541 1979 584 2036 Sit
612 1981 730 2052 aliquis,
760 1982 808 2052 qui
837 1980 946 2036 dubitet
975 1999 1012 2035 an
1042 1981 1078 2034 sit
1109 1980 1221 2035 electus.
1249 1981 1411 2035 deducimus
1430 1982 1466 2035 ad
1478 1982 1896 2052 vocationemetpromissiones
1908 1980 2085 2046 universales.

383 2065 531 2133 Quomodo
561 2066 607 2122 hic
635 2067 805 2139 erigendus?
834 2067 996 2138 Respondet
1025 2066 1162 2122 Zauchins
1193 2066 1223 2119 in
1248 2067 1347 2122 Mattb.
1370 2073 1410 2136 11,
1431 2085 1457 2120 v.
1476 2073 1524 2122 28:
1549 2068 1643 2121 Venite
1663 2070 1762 2121 adme
1783 2085 1885 2126 omues.
1922 2072 1947 2123 2.
1964 2065 2040 2121 Petr
2059 2070 2083 2133 ³,

383 2150 503 2209 thclt
526 2172 554 2226 p.
576 2159 642 2208 323:
672 2154 833 2223 Quicunque
856 2155 943 2207 cerus't
966 2156 997 2207 in
1017 2171 1047 2207 ee
1061 2152 1222 2222 praedati·
1248 2173 1274 2208 v.
1293 2160 1323 2208 9:
1340 2155 1421 2206 Deus
1439 2171 1494 2207 nou
1510 2153 1569 2207 vuit
1585 2154 1660 2207 ullos
1672 2155 1783 2223 perire:
1803 2159 1832 2209 et
1848 2154 1885 2208 ad
1898 2151 2084 2220 Sacramenta,

383 2241 509 2295 sutioois
527 2240 640 2309 effecto,
659 2239 710 2292 hoe
729 2247 777 2307 est,
795 2241 846 2309 qui
862 2241 938 2293 sidet
957 2257 987 2295 se
1005 2238 1159 2308 efficaciter
1175 2255 1217 2291 vo·
1248 2239 1378 2293 videlicet
1404 2239 1440 2292 sd
1467 2237 1649 2308 baptismum,
1682 2241 1732 2308 qui
1759 2247 1800 2293 est
1825 2238 1971 2308 stipulatio
1997 2238 2085 2290 bonus

382 2335 492 2394 mium,
510 2326 561 2394 qui
576 2326 671 2389 sentit,
688 2342 717 2378 se
729 2325 932 2394 justificatum,
954 2328 1089 2378 donatum
1106 2326 1163 2388 fide
1180 2331 1221 2376 αι·
1250 2324 1443 2378 conscientiae.
1481 2330 1502 2379 1.
1520 2322 1594 2379 Petr.
1609 2330 1633 2389 3,
1652 2342 1677 2378 v.
1693 2330 1738 2380 21:
1756 2331 1890 2394 quotquot
1901 2322 2085 2394 baptisustur,

383 2429 439 2480 qus
458 2411 552 2465 οιιιάίο
571 2412 704 2464 besorum
722 2428 850 2480 operum,
875 2411 1070 2465 iscertissime
1088 2411 1143 2463 sibi
1154 2426 1222 2479 per·
1250 2411 1392 2465 Christum
1418 2411 1547 2464 iuduunt.
1571 2408 1634 2464 Gal.
1661 2415 1689 2477 3,
1711 2427 1736 2465 r.
1763 2414 1804 2464 21.
1830 2415 1860 2464 ει
1882 2425 1963 2464 usum
1989 2424 2085 2463 sacrae

384 2499 507 2552 ωοάενε
526 2498 614 2565 debet,
631 2514 660 2550 ss
678 2513 736 2551 esse
756 2513 788 2550 ee
808 2514 921 2550 numero
934 2497 1222 2566 praedestinatorum.
1249 2512 1369 2565 coenae,
1390 2512 1445 2567 quo
1463 2501 1597 2566 tauquam
1616 2494 1709 2565 sigillo
1727 2494 1762 2549 de
1778 2494 1960 2565 promissione
1978 2493 2086 2566 gratiae

383 2583 465 2639 Haec
482 2581 631 2639 Zauchius.
649 2581 791 2653 Respoud
825 2581 889 2636 Non
908 2581 1020 2653 quidem
1041 2598 1075 2636 ex
1095 2585 1154 2634 toto
1171 2580 1220 2634 im·
1249 2590 1278 2637 et
1302 2582 1461 2637 remissione
1484 2588 1663 2652 peccatorum
1686 2581 1889 2637 confirmamur.
1923 2579 2085 2651 Accipimus

383 2669 544 2740 probamus,
561 2667 637 2741 quod
655 2667 794 2722 certitudo
812 2667 958 2738 electionis⁴
974 2683 1008 2722 ex
1025 2667 1133 2722 interno
1156 2665 1222 2720 fidei
1249 2667 1324 2723 enim
1342 2669 1412 2722 illud
1430 2668 1523 2738 ipsum
1540 2685 1656 2737 corpus,
1672 2668 1748 2738 quod
1767 2667 1796 2721 in
1815 2675 1932 2721 mortem
1951 2683 2003 2737 pro
2020 2681 2086 2736 pec·

383 2755 545 2811 testimonio
562 2754 675 2825 petitur,
695 2755 745 2808 sed
762 2754 889 2824 dicimus,
907 2753 960 2808 hoc
972 2752 1221 2809 esseineufficiens.
1249 2754 1320 2808 catis
1350 2749 1457 2808 ‘nostris
1494 2754 1636 2808 traditum.
1689 2752 1851 2823 Accipimus
1886 2752 1964 2806 illum
1993 2750 2085 2820 ipsum

384 2841 461 2908 Quid
488 2841 582 2897 eninr?
614 2841 637 2894 si
664 2846 786 2896 tentatus
814 2838 898 2894 fidem
926 2845 991 2893 actu
1016 2856 1072 2894 non
1098 2838 1221 2894 sentiat?
1248 2839 1424 2911 sanguinem,
1451 2840 1499 2912 qui
1522 2856 1573 2909 pro
1595 2837 1716 2909 poccmis
1744 2836 1844 2892 nosuis
1871 2836 1900 2892 in
1924 2852 1974 2890 ara
1995 2835 2085 2891 crucis

384 2927 439 2983 1110
465 2926 506 2981 sic
529 2926 677 2997 procedet:
712 2925 810 2980 Fidem
834 2932 900 2980 actu
923 2941 980 2980 non
1002 2925 1099 2980 sentio.
1144 2923 1221 2994 Ergo
1248 2931 1290 2981 εει
1309 2924 1421 2980 effusus.

384 3028 438 3067 nec
462 3011 560 3067 habeo.
596 3012 694 3067 Fidem
711 3029 767 3066 non
785 3010 874 3066 habeo
893 3011 987 3065 datam
1005 3027 1023 3064 a
1040 3010 1110 3065 Deo.
1145 3009 1221 3080 Ergo
1286 3018 1341 3067 182.
1376 3011 1471 3082 Atque
1496 3010 1542 3066 hic
1556 3011 1617 3081 jam
1638 3015 1755 3080 apparet
1774 3025 1873 3074 causa,
1897 3023 1982 3078 quare
2001 3006 2083 3061 abso-

384 3100 408 3153 is
434 3098 502 3153 dere
521 3099 619 3153 noluit.
656 3098 738 3164 Quod
757 3105 849 3152 antem
866 3096 956 3151 noluit
973 3096 1002 3150 in
1019 3101 1157 3166 ternpore,
1184 3095 1221 3150 ab
1247 3096 1337 3150 lutum
1373 3097 1513 3151 decretum
1548 3095 1751 3166 reprobationis
1784 3093 1936 3149 rectissime
1975 3091 2085 3174 dicatur

385 3189 499 3239 aetmno
529 3184 598 3240 dare
631 3183 728 3237 noluit.
774 3182 873 3237 Fidem
903 3181 970 3236 mibi
998 3182 1065 3237 dare
1093 3179 1221 3234 absoluto
1246 3181 1322 3235 funis
1347 3181 1554 3252 desperationis.
1593 3180 1635 3236 Sit
1657 3181 1730 3236 enim
1755 3181 1906 3252 quispiam,
1930 3178 1979 3253 qui
2003 3177 2084 3233 dubi·

384 3268 464 3325 Deus
481 3269 579 3324 noluit
613 3268 690 3341 Ergo
708 3267 791 3322 etiam
809 3269 845 3324 ab
865 3272 978 3322 aeterno
996 3283 1040 3321 me
1052 3264 1219 3336 reprobavit.
1247 3272 1300 3331 tet,
1327 3285 1363 3321 an
1389 3267 1425 3321 ad
1440 3284 1470 3322 se
1489 3284 1600 3339 quoque
1618 3266 1757 3337 pertineat
1773 3266 1866 3337 matis
1884 3264 1939 3320 Dei
1956 3271 1986 3320 et
2003 3263 2083 3318 meri·

384 3357 530 3422 Quomodo
547 3363 613 3411 tunc
632 3355 781 3427 erigendus
800 3361 843 3411 eet
860 3353 922 3409 talis
941 3353 1043 3409 bomo?
1060 3352 1221 3422 Respondet
1246 3359 1307 3408 turn
1330 3352 1447 3408 Christi:
1484 3354 1521 3407 ad
1547 3351 1613 3409 fidei
1638 3353 1778 3408 intemum
1803 3351 1991 3407 testimouium
2016 3349 2082 3404 talis

384 3443 524 3498 Zanchius
544 3449 568 3497 5.
591 3442 625 3498 de
640 3449 697 3496 nat.
714 3441 769 3496 Dei
787 3458 810 3495 c.
830 3446 854 3495 2.
871 3458 899 3510 p.
919 3445 982 3495 648:
1009 3438 1130 3508 Quisque
1148 3446 1219 3492 teue-
1246 3457 1303 3494 non
1331 3446 1425 3510 potest
1453 3438 1593 3509 ablegari3
1622 3438 1689 3510 quia
1721 3438 1815 3493 sensui
1844 3436 1909 3492 fidei
1934 3436 2084 3491 fortissime

383 3539 432 3586 tur
449 3521 572 3597 ενεάονε,
590 3546 620 3583 se
637 3530 679 3581 ud
695 3528 814 3582 sulutem
832 3534 975 3580 aeteruum
992 3527 1022 3580 in
1037 3524 1148 3579 Christo
1161 3541 1221 3578 esse
1246 3527 1409 3580 adversatur
1426 3525 1480 3579 ista
1500 3523 1644 3579 dubitatio.
1679 3525 1726 3578 Ad
1746 3524 1900 3579 verbumst
1911 3529 2083 3578 sacramenta

384 3617 516 3679 doctum
542 3615 678 3669 nemiuem
705 3613 751 3667 iis
774 3612 925 3681 erupimus
948 3628 983 3664 ne
1002 3612 1136 3680 reprobos
1160 3611 1219 3680 qui-
1246 3613 1342 3666 itidem
1362 3611 1446 3666 telem
1463 3627 1519 3665 non
1536 3615 1652 3680 possunt
1672 3609 1822 3665 adversarii
1840 3609 1987 3682 ablegare:
2014 3610 2082 3677 quio

385 3705 457 3758 deos.
477 3700 702 3771 Respondemus:
722 3698 779 3758 Sed
795 3697 848 3751 hoc
858 3695 929 3751 nihil
940 3702 990 3751 est
1010 3696 1098 3751 Nemo
1110 3702 1220 3751 tenetur
1246 3698 1404 3752 hominibus
1422 3696 1550 3750 absoluto
1569 3697 1680 3757 demeto
1699 3696 1859 3764 reprobatis
1876 3712 1908 3749 eo
1918 3696 1973 3774 fine
1987 3696 2083 3748 dicunt

385 3788 500 3843 medere
521 3785 597 3857 quod
617 3785 718 3839 falsum
740 3789 796 3839 est:
822 3781 901 3854 atqui
922 3797 1017 3836 omnes
1042 3798 1102 3836 ease
1118 3782 1220 3837 electos
1246 3785 1346 3854 offerri
1365 3784 1483 3851 uerbum,
1503 3800 1558 3836 noo
1576 3790 1606 3835 ut
1620 3790 1833 3846 convenientum
1851 3783 1944 3835 redut
1957 3781 2082 3849 ipsorum

384 3873 487 3928 falsum
506 3879 557 3927 est
584 3871 660 3943 Ergo
677 3870 706 3925 id
722 3884 803 3925 nemo
816 3873 927 3923 tenetur
938 3866 1058 3922 credere.
1091 3866 1121 3922 Si
1134 3867 1220 3930 dicas,
1248 3869 1393 3922 damnatio
1422 3874 1567 3935 aspector.
1613 3864 1659 3921 Ita
1682 3866 1759 3921 Besa
1787 3884 1814 3937 p.
1841 3872 1866 3922 2.
1894 3883 2015 3937 respons.
2044 3866 2081 3919 ad

385 3959 415 4014 iu
433 3958 545 4014 Christo
565 3974 659 4013 omnes
683 3963 748 4010 sunt
772 3953 868 4024 electi;
892 3952 1012 4025 quilibet
1028 3969 1109 4023 ergo,
1134 3959 1163 4005 ει
1180 3951 1219 4005 sic
1249 3955 1356 4026 Colloq.
1373 3973 1400 4025 p.
1418 3959 1466 4011 96:
1488 3954 1563 4017 Quos
1586 3955 1666 4007 Deus
1685 3971 1741 4008 nou
1759 3953 1850 4021 clepit,
1869 3953 1981 4007 etiami
1990 3952 2082 4005 οιὶιὶοε

387 4046 471 4101 etiam
492 4050 630 4111 tentatus,
658 4049 768 4096 tenetur
790 4039 902 4095 credere
924 4056 955 4095 se
978 4040 1007 4094 iu
1026 4038 1136 4093 Christo
1160 4054 1220 4092 esse
1247 4043 1420 4111 baptizentur
1448 4049 1560 4094 externo
1591 4048 1683 4109 oquae
1713 4040 1866 4109 baptismo,
1903 4038 1964 4093 illis
1991 4046 2081 4093 tumeo

387 4131 513 4188 electum.
548 4126 739 4200 Respondebit
763 4131 887 4180 tentatus
911 4142 945 4179 ex
969 4125 1096 4180 doctrina
1122 4124 1218 4178 adver-
1246 4146 1389 4198 nunquam
1414 4128 1498 4192 fidem
1525 4134 1574 4179 aut
1603 4124 1743 4178 Christum
1769 4124 1887 4192 donari,
1920 4125 1960 4179 ait
1981 4124 2081 4179 iterum

386 4218 536 4285 sariorum,
552 4232 608 4271 non
624 4230 685 4269 esse
704 4229 751 4268 eos
768 4213 878 4269 Christo
893 4212 1042 4269 redemtori
1060 4211 1154 4278 datos,
1172 4210 1220 4282 qui
1246 4215 1322 4269 Besa
1344 4213 1373 4267 in
1390 4211 1497 4284 Colloq.
1521 4230 1547 4283 p.
1566 4217 1632 4268 tos:
1660 4211 1800 4278 Indipnos
1820 4227 1854 4263 uc
1871 4210 2005 4278 reprobos
2024 4227 2081 4262 uos

385 4320 442 4359 uon
460 4302 538 4374 prius
556 4300 684 4355 absoluto
702 4300 813 4354 decreto
833 4305 898 4352 sunt
915 4297 1020 4353 aDEO
1034 4297 1070 4351 ad
1084 4296 1112 4350 id
1124 4295 1219 4351 electi:
1247 4301 1375 4369 accipere
1395 4298 1502 4354 Christi
1519 4315 1638 4366 corpus:
1659 4297 1762 4366 quippe
1781 4297 1860 4363 quod
1871 4312 1929 4364 pro
1947 4294 2009 4347 sitis
2025 4311 2081 4347 noo

380 4390 441 4461 ism
460 4404 527 4443 vero
546 4385 594 4457 qui
612 4386 641 4440 iu
657 4391 781 4454 tempore
799 4400 855 4438 non
874 4384 999 4451 credunt,
1017 4383 1079 4458 illos
1091 4398 1146 4436 non
1159 4397 1220 4437 esse
1246 4394 1288 4438 ert
1315 4386 1344 4438 in
1374 4392 1489 4437 mortem
1516 4382 1669 4436 traditum:
1698 4398 1748 4433 uec
1767 4379 1875 4433 Christi
1898 4379 2080 4449 snnpuinem,·

384 4474 496 4531 Christo
515 4470 662 4528 redemtori
681 4471 772 4525 datos:
792 4486 823 4524 se
842 4486 898 4523 non
916 4468 1018 4525 sentire
1036 4466 1134 4534 fidem,
1152 4484 1219 4539 ergo
1246 4471 1350 4540 quippe
1370 4470 1420 4539 qui
1430 4487 1488 4538 pro
1506 4468 1567 4521 iilis
1585 4485 1640 4522 ooo
1657 4474 1697 4520 est
1711 4468 1821 4537 effusus,
1839 4464 1935 4520 scribit
1948 4463 2081 4519 Calvinus

383 4578 435 4617 uec
452 4559 575 4628 credere,
592 4574 659 4630 ergo
675 4573 727 4611 nec
741 4554 850 4611 Christo
864 4555 960 4610 datum
972 4571 1039 4609 esse.
1075 4552 1219 4618 Quomodo
1247 4562 1343 4612 contra
1367 4553 1543 4609 Heshusium.
1590 4551 1664 4617 Quid
1692 4567 1759 4623 ergo
1786 4558 1875 4607 restat
1905 4549 2005 4607 misero
2034 4549 2081 4604 isti

382 4655 450 4703 mne
477 4644 627 4716 erigendus
649 4648 693 4698 est
713 4641 778 4697 talis
796 4640 897 4696 homo?
914 4640 1044 4695 nimirum
1059 4639 1219 4694 absolutum
1246 4637 1364 4711 tentato,
1384 4657 1439 4712 quo
1459 4657 1489 4695 se
1508 4644 1645 4693 sustentet
1664 4654 1697 4693 sc
1716 4639 1818 4709 erigat,
1837 4637 1862 4691 si
1881 4637 1958 4692 dicat
1976 4654 2006 4691 se
2024 4653 2079 4690 non

381 4733 528 4788 decremm
555 4729 594 4784 ita
619 4727 790 4799 perstringet
813 4724 901 4797 ipsius
926 4724 1034 4793 oculos,
1061 4731 1094 4778 ut
1115 4723 1219 4777 nullam
1247 4728 1350 4782 sentire
1376 4726 1474 4794 fidem,
1509 4742 1575 4795 ergo
1602 4725 1638 4779 ad
1664 4740 1694 4779 se
1719 4742 1774 4779 non
1797 4724 1937 4794 pertinere
1961 4721 2080 4795 gratiam

381 4815 601 4873 consolationem
618 4812 713 4868 ridere
729 4812 774 4867 rel
790 4810 1037 4890 invenirepossit?
1055 4810 1113 4866 Nos
1134 4808 1220 4880 igitur
1245 4813 1302 4868 Dei
1332 4820 1360 4867 et
1390 4811 1518 4866 meritum
1548 4810 1663 4875 Christi,
1692 4827 1727 4865 sc
1756 4810 1873 4880 proinde
1902 4825 1933 4864 se
1963 4824 2023 4863 esse
2052 4807 2081 4862 in

379 4902 582 4974 respondemus
608 4915 643 4953 ex
668 4898 754 4955 verbo
779 4896 849 4952 Dei:
882 4896 917 4951 Si
941 4914 991 4951 cor
1015 4904 1141 4948 nostrum
1167 4912 1219 4948 not
1232 4884 1361 4965 inumcro
1391 4896 1590 4968 reproborum?
1620 4897 1829 4966 Respondemus
1855 4912 1906 4951 nos
1933 4911 1967 4949 ex
1994 4892 2080 4949 verbo

380 4991 568 5056 condensat,
593 4995 687 5040 moses
715 4985 797 5039 Deus
824 4991 864 5038 est
887 4982 981 5052 major
1007 4983 1091 5035 cordo
1115 4988 1221 5044 welto,
1247 4986 1315 5053 Dei,
1333 4984 1424 5040 Deum
1444 4983 1514 5039 velle
1531 4989 1563 5037 ut
1580 4982 1685 5044 credat,
1705 4989 1790 5052 atque
1808 4997 1841 5036 eo
1858 4979 1914 5036 fine
1932 4980 1987 5051 ipsi
2000 4979 2080 5035 obtu-

383 5083 409 5133 1.
428 5073 494 5131 soh.
515 5080 546 5143 t,
568 5090 595 5127 v.
614 5078 655 5129 20.
689 5069 734 5125 De
757 5069 892 5125 electione
910 5066 1129 5139 igiturdieimus
1146 5065 1220 5137 cogi·
1245 5072 1311 5127 lisse
1339 5071 1368 5126 iu
1395 5070 1481 5125 umbo
1508 5068 1626 5140 matiam
1651 5084 1730 5123 snam
1761 5074 1790 5122 et
1814 5067 1916 5122 Christi
1942 5066 2080 5135 meritum,

381 5161 504 5217 undum
521 5166 581 5214 urm
594 5156 700 5213 ratione
711 5172 866 5224 causarum
884 5160 944 5209 tum
954 5152 1061 5208 ratione
1071 5153 1220 5223 signorum.
1247 5157 1331 5227 idque
1351 5154 1692 5224 sacramentorumsigillo
1705 5152 1887 5208 confirmasse.
1919 5151 2081 5208 Adversarii

381 5247 496 5304 &usae
515 5243 658 5301 electionis
677 5249 742 5298 sunt
759 5241 850 5313 gratia
860 5240 915 5297 Dei
933 5246 961 5296 et
971 5239 1099 5294 meritum
1109 5238 1220 5296 Christi.
1246 5248 1339 5297 sutem
1351 5260 1407 5296 non
1424 5247 1556 5312 poterunt
1566 5256 1630 5294 eum
1642 5239 1791 5303 ‘consolari
1809 5240 1877 5310 quia
1895 5245 2022 5294 statuunt
2038 5240 2079 5293 in-

382 5332 487 5390 Grstis
503 5328 617 5385 illaDei
635 5345 670 5384 ex
689 5345 718 5384 se
736 5334 779 5383 est
796 5326 967 5394 universalis,
984 5342 1064 5380 nemo
1079 5324 1221 5379 hominum
1248 5327 1443 5383 credulitatem
1462 5327 1585 5398 pendere
1603 5325 1701 5380 exilio
1720 5325 1833 5380 demeto
1849 5326 1993 5394 absoluto;
2019 5325 2082 5381 ideo

381 5418 516 5475 abmluto
541 5415 663 5488 quodam
689 5413 799 5470 decreto
818 5412 854 5467 ab
872 5429 906 5467 ea
925 5412 1065 5467 exclusus:
1092 5411 1223 5467 Meritum
1247 5416 1356 5486 aliquos
1380 5431 1436 5468 non
1460 5414 1588 5477 credere,
1614 5413 1679 5485 quis
1697 5418 1763 5466 sunt
1784 5413 1911 5468 absolute
1928 5411 2081 5483 reprobati:

313 5518 366 5566 ne
379 5504 455 5559 illud
473 5502 580 5558 Christi
605 5518 639 5556 ex
663 5516 693 5554 sc
716 5508 759 5555 est
782 5497 951 5553 universale:
976 5514 1057 5552 nemo
1080 5496 1221 5552 homiuum
1247 5519 1297 5556 nos
1317 5507 1414 5555 conus
1432 5500 1615 5571 procedimus,
1633 5499 1696 5554 ideo
1715 5498 1823 5569 aliquos
1840 5498 2080 5568 essereprobatos,

381 5588 515 5649 absoluto
539 5587 660 5660 quodam
685 5585 797 5640 decreto
823 5583 859 5638 ab
887 5584 948 5652 ejus
973 5582 1067 5637 fructu
1086 5583 1221 5638 exclusus.
1248 5586 1315 5658 qnia
1340 5585 1438 5641 nolunt
1465 5586 1589 5641 credere:
1622 5584 1693 5639 serio
1716 5584 1802 5656 igitur
1823 5584 1895 5639 velle
1919 5582 2027 5652 Deum,
2051 5587 2083 5636 ut
2155 5593 2161 5602 ·

382 5676 473 5748 Sigus
497 5673 641 5730 electionis
659 5678 725 5727 sunt
742 5671 787 5726 vel
806 5671 928 5739 interna,
958 5671 1002 5725 vel
1020 5677 1141 5729 externa.
1177 5673 1221 5726 In·
1249 5674 1334 5726 etiam
1359 5676 1481 5726 tentatus
1504 5672 1556 5725 ista
1574 5670 1682 5739 credat,
1704 5688 1739 5725 ne
1758 5670 1871 5742 propria
1888 5669 1971 5740 culpa
1989 5682 2082 5735 repro·

365 5771 475 5822 oum:
498 5768 521 5819 1.
534 5760 705 5818 inhabitatio
716 5759 836 5831 Spiritus
847 5776 879 5828 s.,
897 5759 947 5828 qui
965 5766 1006 5814 est
1024 5759 1222 5816 arrhuteere·
1244 5755 1373 5814 batorum
1395 5774 1509 5813 numero
1532 5772 1594 5814 sese
1616 5763 1758 5829 aggreget
1794 5757 1853 5817 Ubi
1881 5755 1968 5829 probe
1987 5752 2080 5813 obser·
