5017 6675
913 670 967 727 DE
986 669 1170 729 PEoeA'l'lB
1186 669 1442 734 aerumpna.
1953 681 2018 745 ιιι-3

332 825 424 880 relicti.
460 821 563 896 Besp.:
587 824 629 880 At
653 823 700 880 ille
717 824 836 897 languor
853 831 983 895 naturae,
1007 826 1056 882 illa
1073 823 1161 897 p'rsra
1185 843 1248 882 cum
1266 836 1410 898 peccatum
1429 848 1484 886 non
1502 832 1531 887 in
1548 848 1639 899 carne,
1658 832 1749 891 sedin
1760 836 1852 888 ruente
1864 831 1959 904 quaeri
1971 832 2018 888 ds·

329 910 549 980 coucupiscentia
576 916 620 966 est
643 911 755 966 morbus
780 912 894 983 quidam
918 912 1042 982 animas,
1063 914 1159 984 utique
1185 914 1259 969 beat.
1288 915 1356 970 Tria
1365 932 1431 988 crgo
1443 917 1514 973 falsa
1526 918 1695 973 brevissimis
1707 918 1783 974 hisce
1795 918 1886 974 verbis
1899 917 2017 988 comple·

326 1011 388 1066 crgo
412 1003 569 1066 peccatum.
604 996 739 1068 Languor
762 998 810 1053 ille
833 1004 877 1054 est
896 999 1014 1068 privatio
1032 999 1159 1054 cantatis
1184 1001 1269 1056 ctitur
1277 1002 1474 1059 Bellarminua:
1492 1005 1881 1076 l.Concupiscentiamcarnis
1895 1020 2018 1059 noucsse

323 1080 410 1136 inesse
434 1081 563 1152 debitae,
588 1083 638 1139 illa
663 1084 769 1139 sanitas
797 1085 907 1140 animae
930 1092 990 1140 erat
1011 1085 1158 1153 rectitudo,
1184 1094 1343 1156 peccatum,
1370 1105 1434 1143 cum
1457 1090 1483 1145 ei
1503 1089 1622 1160 Spiritus
1638 1091 1801 1145 reluctatur.
1838 1097 1862 1146 2.
1882 1088 2017 1160 Concupi-

322 1167 467 1239 integn'tss
498 1173 528 1224 st
553 1168 639 1240 plena
663 1187 726 1225 curn
754 1171 818 1242 lege
848 1170 1039 1240 conformitas3
1068 1170 1158 1242 qualis
1183 1172 1319 1228 scentiam
1335 1191 1451 1244 pravam
1467 1193 1523 1230 non
1542 1191 1603 1231 esse
1623 1175 1652 1231 in
1669 1182 1775 1238 mente,
1793 1176 1844 1231 sed
1863 1183 1971 1230 tuntum
1989 1174 2018 1228 in

320 1271 385 1325 crgo
401 1254 531 1323 morbus,
555 1256 640 1326 quale
656 1257 760 1311 malum
779 1258 816 1311 sit
833 1258 886 1312 iste
903 1259 1036 1328 languor,
1058 1274 1092 1313 ex
1110 1275 1157 1327 op
1183 1274 1282 1327 cunc,
1310 1276 1375 1314 cum
1396 1260 1576 1322 duertiasime
1600 1262 1669 1317 talia
1692 1259 1845 1325 uotiuum
1871 1261 1949 1317 carni
1965 1260 2017 1317 boc

317 1341 410 1410 posito
435 1340 535 1396 babitu
558 1342 712 1396 rectissime
737 1344 869 1414 cognosci
895 1350 993 1415 potest.
1041 1344 1157 1399 Morbus
1182 1343 1244 1399 loco
1266 1346 1408 1416 apostolus
1427 1347 1544 1414 tribuat,
1571 1364 1643 1418 ques
1667 1365 1722 1403 non
1745 1346 1799 1402 nisi
1816 1347 1901 1402 menti
1919 1363 2017 1402 conve·

317 1426 442 1495 corporis
471 1432 515 1482 est
541 1433 652 1481 tautum
682 1429 786 1483 malum
813 1446 935 1499 poenae,
968 1431 1019 1485 sed
1048 1429 1157 1484 animae
1182 1429 1271 1484 niuut.
1308 1437 1331 1486 3.
1350 1432 1469 1488 Carnam
1487 1451 1542 1489 nou
1561 1450 1622 1489 esse
1639 1433 1746 1504 peccati
1762 1432 1870 1501 sedem,
1895 1449 1958 1487 cnm
1977 1438 2017 1488 ta·

316 1512 432 1567 morbus
451 1520 480 1568 et
497 1514 600 1568 malum
618 1514 718 1585 culpae
735 1522 763 1570 at
782 1516 886 1570 malurn
903 1533 1017 1586 poenae
1052 1517 1157 1572 Videa-
1183 1532 1247 1570 men
1264 1517 1406 1587 originalis
1421 1519 1540 1588 justitia,
1558 1522 1638 1590 cujus
1657 1519 1782 1575 deiectus
1799 1524 1844 1574 est
1862 1524 2016 1589 peccatum,

317 1603 366 1652 tur
382 1601 507 1670 August.
523 1618 604 1656 serua
622 1607 647 1657 2.
666 1602 701 1656 de
718 1601 793 1657 verb.
810 1602 939 1672 apostoli.
1182 1601 1212 1656 in
1227 1608 1287 1657 toto
1313 1602 1424 1660 bomine
1437 1605 1540 1660 ,sedeur
1562 1605 1704 1674 habuerit3
1727 1607 1788 1676 jam
1811 1621 1877 1660 vero
1900 1603 2017 1675 privatio

259 1677 292 1720 ¹³·
354 1690 396 1739 st
432 1690 457 1740 6.
493 1684 619 1740 Christus
644 1687 710 1743 lob.
737 1694 783 1752 15,
809 1706 835 1742 v
860 1694 883 1743 2.
912 1689 980 1743 (licit
1004 1688 1156 1759 discipulos
1182 1693 1211 1742 et
1228 1687 1340 1743 habitus
1355 1690 1467 1744 suntin
1486 1691 1583 1746 eodeni
1601 1692 1741 1762 subjecto;
1762 1706 1818 1762 qua
1837 1691 1872 1746 de
1888 1706 1918 1745 ra
1936 1690 2018 1761 plura

259 1793 266 1822 ι
316 1785 380 1824 esse
409 1772 585 1842 purgandos,
611 1789 680 1843 quos
707 1779 801 1828 tamen
823 1774 931 1829 dixerat
955 1790 1017 1828 esse
1039 1775 1156 1829 mundos
1182 1773 1306 1829 dicemus
1325 1775 1454 1843 inferius,
1479 1777 1591 1847 quando
1608 1775 1771 1832 Bcllsrmini
1792 1782 1956 1847 argumenta
1971 1793 2017 1831 er·

259 1846 302 1924 *m
263 1844 383 1909 ¹.Jol
413 1862 458 1923 13,
481 1875 509 1914 r.
533 1864 572 1914 tu.
606 1859 682 1930 Ergo
708 1860 856 1914 mundities
882 1860 1059 1915 inhaerens
1051 1877 1081 1914 ιιι
1104 1860 1156 1916 hac
1182 1859 1374 1918 aminabimus
1420 1861 1535 1918 Rectius
1563 1861 1717 1933 Staplet'
1708 1878 1739 1916 ιιι
1765 1861 1853 1917 antid.
1879 1861 1959 1919 Rom
1991 1869 2016 1929 t,

315 1941 378 1997 vita
404 1960 462 1998 non
486 1949 530 2001 est
555 1945 687 2014 perfecta.
730 1945 843 2016 Excipit
864 1945 1063 2016 Bellarminus,
1087 1963 1199 2017 par-v
1182 1948 1269 2001 v..17
1296 1965 1322 2016 ρ.
1341 1952 1405 2005 394ι
1434 1949 1509 2003 Caro
1536 1949 1619 2002 vot
1606 1966 1699 2018 aprum
1724 1949 1889 2014 infertorem
1908 1957 1934 2001 ct
1954 1967 2017 2013 car·

315 2029 462 2095 potionem
494 2032 525 2089 ιιι
545 2031 714 2100 justificatis
739 2033 928 2085 necesarium
958 2049 1017 2086 sess
1040 2041 1157 2102 propter
1181 2032 1275 2085 sotem
1293 2034 1454 2102 appetitum,
1474 2035 1523 2102 qui
1541 2034 1627 2088 msats'
1645 2041 1672 2087 et
1687 2034 1833 2102 superiori
1849 2035 1957 2088 rationi
1972 2051 2016 2087 rc-

310 2124 436 2184 pcccutu
464 2117 605 2184 actualia,
640 2134 712 2186 quus
740 2119 865 2187 quotidie
895 2120 1062 2187 subrepunt,
1098 2139 1155 2174 uon
1178 2128 1303 2187 ριιριιαι,
1321 2108 1365 2173 usl
1382 2121 1528 2174 carnatem
1546 2121 1673 2189 οιιριοηι
1692 2129 1718 2174 ει
1732 2121 1926 2174 inordinatum
1947 2124 2016 2192 affc-

313 2209 435 2270 proptcr
459 2203 613 2272 oripisulc,
636 2207 714 2271 quod
733 2206 861 2272 perferte
885 2205 1037 2258 remittitur
1058 2206 1089 2259 irs
1106 2206 1154 2258 ba·
1181 2213 1254 2257 ctum
1273 2206 1302 2257 iu
1321 2207 1385 2274 ipsu
1402 2214 1490 2260 niente
1507 2224 1541 2260 ac
1566 2207 1708 2275 superiori
1726 2206 1835 2261 ratione
1855 2206 2016 2276 significare
2107 2273 2112 2280 ἡ

310 2289 430 2357 ptismc.
463 2287 689 2358 Respondemus:
706 2290 762 2345 iuro
780 2306 846 2344 vero
864 2297 981 2360 peccata
998 2290 1048 2345 illu
1065 2290 1154 2361 quoti-
1176 2307 1261 2358 posse
1284 2292 1403 2347 ridetur.
1437 2292 1499 2347 Imo
1525 2292 1641 2364 ipsemet
1662 2292 1792 2350 Bellarm.
1816 2310 1840 2347 c.
1868 2300 1907 2350 15.
1931 2292 2015 2363 hujus

314 2373 405 2428 diana
428 2381 496 2428 sunt
515 2374 623 2430 fructus
646 2376 788 2446 originalis
810 2377 993 2447 corruptionis
1018 2383 1046 2433 et
1065 2378 1101 2431 da
1121 2393 1154 2431 ea
1180 2375 1244 2430 libri
1261 2377 1363 2432 rectius
1380 2379 1477 2433 sentit:
1495 2380 1664 2447 ll'cpaadam
1683 2397 1738 2433 aon
1754 2387 1794 2432 sat
1808 2379 1917 2449 [inquit]
1931 2380 2016 2432 uiam

313 2468 445 2531 apertum
464 2462 765 2519 ferunttestimonium.
794 2465 955 2519 Remittitur
968 2464 1078 2533 quidem
1093 2480 1153 2534 per·
1180 2463 1210 2514 iu
1231 2470 1317 2530 porta
1341 2465 1485 2532 repertore
1508 2464 1600 2517 similo
1623 2466 1731 2519 cistam.
1749 2463 1861 2538 [pravae
1886 2464 2015 2534 concupi-

313 2545 431 2601 fectsin
444 2548 582 2618 baptismo
591 2556 737 2620 peccatum
747 2550 869 2622 originis,
878 2550 986 2605 interim
995 2557 1089 2605 tamen
1098 2567 1153 2604 non
1180 2545 1309 2619 scantiae]
1336 2550 1464 2604 inveniri.
1509 2551 1584 2602 Nam
1612 2567 1646 2603 su
1674 2568 1782 2619 quoquc
1808 2553 1921 2605 animas
1942 2568 2016 2619 pura

312 2633 357 2688 ita
369 2633 485 2701 tollitur,
503 2641 536 2689 ut
551 2635 622 2689 nihil
639 2636 750 2691 omnino
768 2637 804 2690 de
822 2653 855 2692 eo
874 2638 997 2691 incarne
1009 2636 1152 2706 vreliquum
1176 2651 1272 2702 prona
1290 2643 1331 2688 est
1350 2637 1391 2689 ad
1408 2635 1645 2705 concupiscendos
1664 2637 1796 2703 bonores,
1821 2637 1933 2690 inanem
1955 2637 2016 2706 plo·

313 2726 436 2775 maneat
466 2719 496 2774 C.
524 2736 574 2790 per
603 2721 772 2791 baptismum
798 2723 833 2776 dc
858 2728 1009 2779 consecrat.
1039 2722 1102 2776 dist.
1122 2730 1151 2777 t:
1179 2721 1254 2773 rium
1271 2728 1297 2773 st
1314 2720 1548 2783 atiaavonitctcs,
1567 2728 1593 2774 ct
1608 2722 1857 2789 etiamsinolimua,
1874 2723 2018 2776 interdum

313 2807 468 2860 Peccatum
486 2807 636 2861 remittitur
656 2808 687 2861 io
706 2810 911 2877 baptisnzouou
927 2817 958 2861 ut
976 2810 1155 2874 concitasti
1175 2806 1258 2873 parit
1294 2807 1435 2874 ejusmodi
1471 2807 1622 2861 destrictae.
1679 2807 1816 2870 Quocirca
1849 2808 1874 2862 h.
1897 2808 2016 2878 Paulus

313 2901 347 2946 ut
369 2911 427 2946 aon
453 2893 620 2962 imputetur,
647 2911 680 2948 ex
702 2894 750 2950 lib.
775 2901 797 2949 l.
816 2895 937 2966 August.
961 2894 996 2949 dc
1020 2903 1098 2964 nupt
1125 2899 1154 2948 et
1180 2888 1264 2963 [ιιοιι]
1291 2909 1352 2944 cum
1378 2893 1494 2945 ιιιιίιιοι
1519 2891 1613 2949 Galat.
1640 2900 1664 2948 5.
1686 2910 1798 2946 carracm
1820 2894 2017 2963 concupiscere

313 2995 434 3047 concup.
460 2995 484 3032 c.
505 2985 553 3046 34,
580 2979 688 3048 quade
711 2996 743 3035 ra
765 2980 794 3034 in
818 2981 936 3034 articulo
962 2981 997 3035 de
1015 2980 1153 3049 baptismo
1180 2979 1316 3030 adversus
1339 2977 1491 3046 Spiritum,
1509 2979 1605 3031 atatim
1623 2995 1788 3032 enumerans
1804 2996 1893 3047 opera
1911 2980 2016 3044 caruis,

312 3064 429 3119 uberius
455 3081 579 3135 agemus
603 3066 723 3136 August
749 3072 831 3121 tract.
859 3072 900 3121 80.
923 3066 952 3120 in
977 3066 1055 3122 lob:
1087 3068 1154 3128 Quis
1179 3064 1333 3116 comitiavit
1357 3081 1412 3117 noa
1437 3064 1528 3117 solum
1549 3063 1782 3132 fornicationem,
1810 3065 1968 3119 ebrictatem
1990 3073 2016 3120 st

311 3159 355 3204 est
379 3152 411 3203 iu
433 3151 487 3204 buc
511 3151 570 3204 nitu
593 3153 635 3204 sic
656 3154 790 3219 mundata,
812 3160 842 3206 at
857 3172 912 3206 aon
928 3154 967 3206 ait
987 3154 1077 3221 mopis
1095 3171 1153 3206 ma·
1180 3148 1242 3205 atio
1269 3148 1303 3202 id
1327 3165 1427 3217 pecus,
1451 3152 1502 3202 aed
1528 3150 1615 3204 stiam
1643 3151 1853 3219 idololatriam,
1880 3152 2017 3216 haereses,

310 3237 414 3305 piaque
439 3238 643 3297 mundandus!
666 3239 714 3290 ubi
736 3239 763 3290 si
779 3240 950 3306 dioecrimus,
968 3240 1035 3308 quio
1052 3256 1153 3307 pecca·
1179 3235 1342 3288 inimicitias
1360 3240 1421 3302 etc,
1439 3237 1516 3303 quod
1534 3235 1685 3303 ditipcater
1705 3239 1810 3290 notavit
1827 3237 1948 3308 August.
1967 3238 2017 3295 lib.

311 3331 374 3377 tum
400 3342 455 3377 nou
477 3323 625 3386 tataros,
649 3325 794 3394 nosipsos
811 3324 983 3393 seducimus,
1001 3334 1027 3379 ct
1046 3326 1152 3380 veritos
1184 3327 1221 3377 14.
1240 3321 1276 3376 de
1295 3321 1346 3376 civ.
1360 3321 1414 3377 Dei
1432 3337 1455 3376 c.
1472 3326 1497 3377 2.
1514 3328 1538 3377 3.
1558 3326 1587 3377 ct
1604 3327 1633 3390 4,
1653 3323 1702 3376 ubi
1714 3325 1888 3378 demoactrct
1901 3343 2014 3380 comem

311 3410 346 3462 s‘ss
369 3410 450 3463 nobis
472 3428 528 3482 nou
551 3417 605 3477 est,
631 3409 658 3462 ai
683 3418 775 3464 autem
793 3412 917 3474 confossi
934 3413 1073 3475 fuerimus
1086 3429 1153 3482 ρεο-
1179 3409 1321 3460 iraterdum
1332 3408 1406 3460 sumi
1415 3416 1541 3476 prototo
1552 3394 1670 3478 bomine,
1685 3410 1779 3478 qualis
1793 3418 1833 3462 est
1848 3410 1907 3463 sine
1921 3412 2017 3478 prats'u

312 3502 381 3549 cata
398 3496 622 3564 assumsistis
640 3504 681 3549 est
698 3504 725 3550 at
735 3498 847 3565 justus,
865 3497 915 3565 qui
933 3497 1056 3550 dimittat
1075 3499 1153 3553 nobis
1180 3495 1240 3548 Dei
1252 3503 1320 3563 post
1337 3495 1448 3563 tapsum
1466 3497 1551 3548 Adae
1569 3500 1620 3550 etc.
1655 3497 1757 3564 Itaque
1775 3497 2016 3565 concupiscentius

307 3589 432 3652 peccatu
459 3590 486 3635 ct
511 3584 625 3635 mundes
649 3600 700 3636 uos
723 3583 760 3636 ab
782 3583 859 3636 omni
879 3582 1038 3652 iniquitute.
1078 3585 1153 3654 Ergo
1179 3581 1276 3635 vitium
1292 3582 1357 3634 licet
1375 3582 1532 3650 praecipua
1556 3583 1587 3635 iu
1604 3582 1800 3650 εειοιιοιιιοιο,
1822 3591 1913 3636 tamea
1931 3585 2015 3638 stium

311 3674 429 3739 propter
453 3665 613 3721 inhabitans
639 3674 784 3737 peccatum
802 3668 951 3723 mundities
971 3669 1094 3724 nondum
1111 3677 1154 3725 est
1179 3668 1208 3719 ιιι
1228 3675 1316 3720 mente
1335 3669 1428 3720 aedem
1446 3667 1550 3734 babctg
1562 3685 1585 3723 s,
1598 3674 1691 3720 autem
1703 3667 1919 3734 Aequatiuusia
1932 3668 2014 3723 tibris

310 3753 441 3824 perfecta
465 3757 495 3806 et
518 3751 639 3806 numeris
656 3752 784 3807 omnibus
806 3754 942 3808 absoluta.
979 3754 1104 3809 Hilarius
1123 3755 1152 3809 in
1180 3761 1279 3805 contra
1302 3753 1476 3819 Ροιοριαοοι
1507 3752 1571 3805 ideo
1591 3769 1683 3821 paroc
1712 3754 1812 3821 abique
1836 3753 1961 3822 loquitur
1978 3757 2015 3809 ds

311 3857 337 3895 c.
356 3846 382 3893 i.
400 3837 515 3893 Martha
540 3838 618 3908 Ιριιο
644 3839 781 3909 apostolia
804 3841 886 3893 verbo
910 3841 976 3894 licat
995 3842 1061 3908 jam
1080 3842 1154 3909 fidei
1179 3839 1246 3893 vitio
1264 3839 1469 3907 sensualitatis,
1495 3838 1562 3907 quia
1587 3839 1618 3890 ia
1640 3839 1823 3892 ιοηειιοιιιαιο
1846 3841 1938 3909 mapia
1961 3841 2014 3895 boc

310 3926 472 3981 emendatis
506 3932 588 3993 utque
622 3926 823 3989 sanctificatis,
858 3945 914 3980 noo
940 3929 1035 3981 deesse
1060 3936 1153 3979 tamea
1178 3925 1275 3977 uitium
1293 3941 1322 3978 as
1335 3926 1445 3994 prodit,
1464 3943 1521 3978 uon
1533 3927 1610 3993 quod
1627 3926 1771 3993 {pucras-st
1785 3926 1868 3979 stium
1882 3928 1912 3979 ia
1926 3936 2015 3981 meato

310 4012 455 4065 mitium
474 4026 531 4078 per
554 4011 741 4064 conuulsum
759 4013 908 4065 communis
926 4012 1006 4066 uobis
1024 4013 1153 4081 oripiaia,
1179 4012 1270 4065 locrsm
1282 4012 1393 4065 babere.
1421 4010 1500 4075 Haec
1514 4010 1698 4065 Bellarminus
1713 4027 1764 4065 sua
1775 4012 1895 4067 caedens
1911 4012 2014 4081 vineta,

311 4097 413 4151 docuit
424 4097 566 4154 Dominio
587 4097 691 4163 dicens,
707 4096 735 4149 si
749 4115 805 4164 vos,
821 4115 881 4151 urm
896 4099 958 4151 sitis
969 4100 1047 4167 moti,
1064 4101 1152 4153 nostis
1178 4104 1210 4152 ut
1225 4096 1366 4167 prolixiori
1386 4112 1518 4165 responso
1539 4114 1594 4150 non
1614 4097 1651 4151 sit
1668 4115 1747 4166 opus.

311 4184 389 4237 bona
406 4184 478 4236 durs
489 4182 566 4250 filiis
583 4181 684 4234 vestm
698 4187 760 4249 etc,
780 4184 949 4252 quaevcrba
966 4183 1067 4238 Hilarii
1086 4184 1152 4239 alle-
1214 4190 1255 4238 59.
1292 4188 1316 4238 8.
1343 4182 1446 4237 Renati
1472 4182 1609 4251 jubentur
1630 4183 1766 4236 renovari
1786 4183 1890 4250 spiritu
1914 4183 2084 4251 mentisnpa
2099 4201 2123 4243 ι,

311 4276 365 4341 gat
391 4268 542 4347 August
544 4266 606 4321 libr.
626 4273 649 4323 2.
681 4274 778 4321 contra
805 4267 928 4335 Julian,
955 4285 1022 4340 ergo
1040 4277 1153 4339 propter
1177 4286 1246 4321 suas
1263 4268 1366 4338 Ephea.
1386 4274 1411 4336 4,
1429 4286 1454 4323 v.
1472 4274 1514 4323 23.
1532 4267 1607 4338 Ergo
1625 4284 1659 4321 er
1674 4273 1755 4337 parte
1772 4266 1863 4322 adhuc
1876 4268 1928 4321 sub
1949 4254 2109 4354 ρει-1,Ῑιοῑιιηι

266 4357 300 4401 ⁸2
313 4342 505 4410 conditionenr
533 4352 686 4407 communis
714 4351 843 4423 originis,
872 4353 926 4407 hoc
952 4362 1008 4421 est,
1041 4365 1154 4425 propter
1179 4361 1241 4408 cato
1264 4359 1292 4407 et
1315 4354 1406 4409 carnis
1425 4358 1564 4408 vetustate
1589 4359 1661 4409 sunt.
1695 4351 1881 4407 Bellurminus
1904 4352 2037 4423 excipiar
2025 4306 2134 4396 ιιιιιιιᾟ

310 4440 449 4512 reliquias
475 4439 585 4510 peccati
609 4438 752 4510 originalis
777 4440 895 4509 apostoli
915 4447 1045 4511 exparte
1061 4441 1153 4495 adhuc
1178 4448 1340 4494 vetustatem
1366 4440 1562 4509 accipiendam
1588 4455 1647 4491 case
1664 4456 1721 4507 pro
1745 4439 1830 4492 mulia
1848 4456 1881 4492 cc
1894 4448 1995 4508 peccat
1997 4456 2013 4491 o
1984 4408 2110 4499 ιὲἆιῦ

312 4532 396 4581 erant
413 4525 479 4580 muli
496 4529 580 4594 atque
598 4524 741 4578 immundi
1178 4527 1295 4593 relictis,
1312 4545 1367 4581 uua
1379 4534 1470 4579 arcem
1481 4542 1538 4593 ριο
1545 4532 1664 4593 peccato
1679 4525 1806 4592 oripins's,
1821 4543 1882 4579 cum
1894 4525 2014 4597 August.
2026 4521 2089 4551 '¹¹⁸‘

259 4618 274 4656 ’π
348 4617 393 4667 58.
429 4617 453 4665 7.
489 4609 552 4665 Gal
570 4618 599 4677 5,
624 4628 649 4663 v.
670 4618 699 4666 l:
726 4611 801 4665 Caro
825 4611 998 4680 concupiscit
1016 4615 1152 4666 aduersus
1178 4613 1225 4667 lib.
1245 4619 1269 4667 6.
1288 4619 1358 4668 cont.
1379 4612 1483 4668 Julian.
1502 4628 1527 4667 c.
1548 4618 1572 4665 5.
1598 4612 1703 4664 diserte
1721 4611 1805 4678 dicat,
1825 4614 1902 4680 quod
1919 4612 2015 4679 pratia

259 4732 272 4757 t
314 4697 464 4768 Speratum.
500 4697 531 4753 Si
558 4697 586 4752 in
603 4698 708 4753 renatis
726 4698 816 4753 adhuc
832 4715 897 4754 caro
916 4699 1085 4768 concupiscit
1103 4700 1151 4753 ad·
1174 4699 1303 4768 perfecte
1332 4695 1469 4750 bominem
1500 4713 1599 4749 mcum
1633 4697 1735 4762 faciut.
1789 4697 2013 4767 Respondemus:

260 4799 295 4862 ‘m
312 4802 412 4840 versus
430 4784 578 4855 Spiritum,
602 4785 699 4855 utique
719 4791 865 4854 peccatum
881 4785 911 4837 in
927 4784 1051 4853 ipsorum
1068 4801 1152 4838 carne
1179 4785 1282 4838 malum
1304 4783 1375 4837 illud
1398 4800 1431 4837 cx
1454 4781 1544 4852 primo
1564 4781 1716 4851 primorum
1733 4791 1879 4853 parentum
1896 4786 2012 4852 peccato

259 4892 263 4902 ’
313 4871 408 4925 adbuc
423 4870 539 4927 habitat.
569 4870 681 4940 Excipit
692 4869 885 4937 Bellarrninus,
897 4871 1151 4939 coumpisccotiam
1178 4870 1208 4923 in
1240 4869 1320 4923 nobis
1348 4868 1475 4922 relictum
1505 4873 1548 4923 est
1576 4868 1668 4938 ipsum
1697 4868 1830 4939 originale
1859 4876 2013 4938 peccatum,

314 4958 398 5011 ιἰιαπι
419 4973 475 5010 noa
499 4973 558 5010 sess
577 4956 697 5025 propria
715 4964 875 5025 peccatum,
902 4958 968 5008 dum
986 4956 1013 5008 ει
1027 4957 1151 5024 Spiritus
1179 4956 1259 5025 cnjus
1287 4953 1420 5024 reliquiae
1448 4953 1532 5007 ctiam
1560 4953 1590 5008 iu
1618 4954 1722 5009 renatis
1751 4960 1875 5021 manent,
1907 4960 2015 5008 retenta

313 5044 484 5110 reluctatur,
521 5058 583 5094 cum
605 5059 661 5094 nou
683 5042 720 5094 sit
736 5042 794 5095 siai
810 5042 839 5094 in
857 5058 958 5109 carne,
982 5059 1054 5109 quac
1071 5043 1152 5095 aedes
1179 5039 1295 5110 originis
1313 5056 1379 5094 suae
1401 5045 1509 5093 natura.
1546 5039 1636 5111 Finge
1658 5056 1709 5108 per
1730 5044 1896 5094 vetustatem
1923 5040 2014 5093 carnis

312 5128 425 5198 pcccati
442 5144 501 5181 coss
518 5128 689 5195 conposuit.
724 5126 947 5197 Respondemus:
968 5126 1151 5182 Bellarminus
1179 5126 1299 5196 intelligi
1325 5132 1433 5178 tantum
1456 5124 1540 5178 mula-
1554 5141 1661 5194 poenae
1683 5141 1717 5179 ex
1740 5124 1829 5194 primo
1846 5123 1927 5180 Adae
1951 5141 2015 5193 pec·

316 5221 344 5269 ct
362 5212 416 5268 sibi
435 5213 489 5283 ipsi
507 5217 536 5267 et
553 5213 641 5267 tertul
653 5213 806 5284 apostolico
820 5214 966 5268 manifeste
978 5215 1151 5282 contradicit,
1179 5218 1242 5266 cato
1263 5217 1323 5265 orta
1341 5218 1369 5265 et
1388 5210 1417 5263 in
1436 5227 1485 5264 nos
1507 5216 1676 5280 propagata,
1703 5225 1740 5262 an
1758 5226 1813 5262 non
1832 5210 1942 5279 reipsa
1962 5210 2014 5265 ori·

313 5301 360 5356 lib.
384 5307 407 5356 5.
433 5299 468 5355 de
490 5298 583 5353 amisa.
609 5305 680 5369 grat.
701 5306 729 5353 ct
748 5306 823 5354 statu
842 5315 917 5369 pecc.
944 5317 967 5354 c.
988 5306 1010 5353 t.
1032 5300 1061 5352 in
1080 5318 1151 5369 resp.
1179 5298 1277 5369 ginale
1302 5302 1450 5367 peccatum
1478 5294 1611 5366 negabis,
1642 5295 1762 5365 August.
1792 5294 1811 5349 ι.
1837 5295 1864 5349 d.
1892 5296 2015 5365 perfecte

313 5387 350 5443 ad
375 5403 435 5458 arg.
456 5391 480 5441 2.
506 5385 546 5440 sic
568 5385 677 5440 scribit:
704 5386 737 5439 In
756 5385 851 5440 multis
867 5385 934 5440 locis
953 5385 1064 5440 divinae
1081 5385 1151 5441 Scri·
1179 5384 1318 5438 hominem
1339 5383 1465 5437 renovari
1484 5381 1559 5445 dicit,
1579 5381 1628 5435 sed
1647 5369 1748 5434 diserte
1768 5395 1798 5433 ae
1817 5381 1908 5450 ipsum
1928 5381 2014 5452 expli·

312 5482 413 5545 ptumo
438 5471 499 5526 sine
527 5470 613 5525 dubio
637 5488 687 5540 per
710 5487 821 5526 carnem
844 5472 1038 5541 intelliguntur
1057 5488 1152 5525 omnes
1180 5478 1238 5538 cat,
1264 5477 1398 5541 quantum
1425 5468 1524 5522 attinet
1546 5466 1583 5521 ad
1605 5465 1798 5520 liberationem
1823 5467 1859 5521 ab
1887 5467 2014 5521 omnibus

312 5557 456 5630 potentiue
477 5563 537 5610 tum
554 5555 698 5611 inferiores
721 5567 781 5610 tum
808 5556 962 5627 superiores
987 5573 1036 5625 per
1054 5572 1151 5625 pecca·
1180 5556 1291 5609 omnino
1313 5554 1450 5624 peccatis,
1476 5570 1531 5606 non
1556 5558 1690 5622 quantum
1713 5551 1749 5605 ad
1767 5550 1959 5608 liberationem
1976 5552 2013 5606 ab

311 5652 373 5700 tum
396 5647 558 5713 corruptae,
582 5641 657 5696 unde
680 5642 763 5697 etiam
789 5642 913 5696 videmus
933 5643 969 5695 ad
990 5642 1105 5695 Galatas
1126 5649 1150 5697 5.
1180 5640 1309 5695 omnibus
1326 5639 1413 5707 malis,
1432 5637 1506 5710 quod
1527 5653 1582 5706 quo
1601 5653 1685 5690 seusu
1704 5636 1772 5691 velit
1791 5637 1890 5707 accipi,
1908 5637 2012 5691 ibidem

309 5730 386 5786 inter
404 5744 490 5798 opera
509 5726 600 5783 carnis
616 5727 744 5783 haereses
762 5728 900 5790 numerari
920 5734 982 5796 etc,
999 5727 1100 5798 quibus
1111 5727 1151 5780 di·
1179 5727 1292 5781 uberius
1319 5725 1449 5780 declarat.
1496 5720 1554 5775 Cur
1579 5740 1647 5775 caro
1678 5722 1787 5792 [inquit]
1817 5722 1968 5776 conteritur
1994 5740 2013 5776 a

309 5815 524 5874 sertehocloco
537 5812 708 5882 contradicit,
720 5815 812 5869 curnis
826 5815 934 5869 nominc
947 5815 1035 5868 solum
1051 5829 1151 5881 corpus
1172 5812 1325 5879 fidelibus,
1346 5812 1372 5864 si
1388 5808 1460 5864 uiuit
1483 5809 1618 5861 remurus't
1638 5809 1668 5861 in
1686 5809 1839 5878 baptismo,
1866 5809 1943 5875 quod
1962 5808 2012 5860 acl·

306 5900 482 5974 intelligens,
500 5898 575 5971 quod
594 5898 708 5971 proprie
723 5901 834 5972 peccati
851 5900 932 5957 sedes
952 5903 1152 5973 caecusqueat,
1178 5915 1275 5953 certus
1300 5896 1431 5969 spiritum
1459 5896 1658 5968 concupiscat!
1692 5913 1742 5951 cur
1764 5894 1915 5951 conteritur
1938 5911 1957 5949 a
1981 5910 2013 5950 rc
