5017 6675
408 550 411 555 ’
456 584 517 644 rra
1118 573 1241 633 rocus
1261 572 1487 632 annuemus

454 731 578 788 humana
602 735 707 802 potest,
733 730 894 802 praesertim
922 747 971 795 ea,
997 745 1069 801 quse
1095 732 1289 802 καταφατικῶς
1315 730 1401 782 m'tam
1419 738 1572 799 aeternam,
1590 745 1675 800 qnam
1690 731 1865 800 perdiderat,
1883 731 1978 784 redire
1996 747 2054 785 non
2072 731 2157 800 suffi-

456 819 625 883 afferuntur,
652 824 749 888 utpote
766 835 838 883 ,cum
862 833 978 871 assensu
1000 817 1091 872 cordis
1109 823 1138 872 et
1156 816 1289 887 obsequio
1316 815 1418 883 ciebat,
1447 817 1511 868 ideo
1538 824 1564 869 et
1584 815 1731 870 semivivas
1755 815 1867 869 diadar.
1910 815 1965 871 Sed
1989 815 2158 888 intelligitur

455 906 607 960 voluntatis
638 906 747 973 audire,
780 905 856 975 prius
882 910 984 958 vocant
1012 904 1107 958 audire
1137 911 1289 969 externum,
1316 917 1348 955 eo
1366 901 1426 956 loco
1444 901 1892 973 uomiuearbitriiipsavoluntas,
1911 919 1967 974 qua
1980 903 2156 976 perlapsum

456 991 593 1062 posterius
612 991 707 1046 audire
725 991 871 1045 internum.
901 990 1022 1045 Proinde
1039 990 1092 1044 hac
1107 989 1211 1044 Christi
1229 1006 1289 1043 sen·
1316 986 1453 1043 hominem
1477 1004 1533 1042 nou
1559 1002 1619 1043 esse
1643 988 1791 1058 spoliatum
1815 988 1934 1044 libenter
1960 989 2153 1059 concedimus3

455 1078 546 1132 tentia
562 1078 599 1131 ad
618 1076 770 1143 auditores,
794 1093 911 1146 quorum
928 1075 1041 1146 quidam
1054 1076 1115 1144 jam
1133 1072 1290 1145 regenerati
1316 1073 1339 1126 si
1357 1090 1421 1128 vero
1435 1074 1607 1146 intelligatur
1624 1073 1738 1129 libertas
1756 1073 1938 1140 rectitudinis,
1961 1075 1996 1130 de
2013 1093 2048 1130 ea
2065 1075 2153 1145 paulo

457 1170 546 1231 erant,
563 1169 595 1217 ut
612 1163 739 1233 apostoli,
757 1163 870 1234 quidam
882 1179 947 1216 vero
965 1161 1088 1216 noudum
1100 1161 1190 1215 renati
1203 1165 1289 1227 eraut,
1317 1166 1379 1230 post
1396 1160 1469 1214 idem
1486 1168 1583 1216 auctor
1600 1161 1640 1214 sic
1657 1161 1762 1216 scribit.
1801 1160 1878 1222 Quid
1895 1161 1979 1214 aliud
1995 1162 2155 1216 ostenditur

457 1249 610 1318 promiscue
632 1248 753 1318 prolata,
777 1248 907 1303 admonet
924 1256 1049 1315 renatos,
1072 1253 1104 1300 ut
1122 1245 1290 1302 exsuscitent
1318 1246 1347 1298 in
1364 1264 1413 1300 ooe
1435 1247 1489 1299 illa
1507 1245 1626 1314 perdita
1653 1262 1685 1299 ee
1709 1254 1816 1300 centum
1839 1246 1942 1311 evibrat,
1960 1247 2018 1300 nisi
2035 1247 2156 1302 liberum

459 1335 563 1389 donum
584 1333 653 1398 Dei,
679 1334 755 1404 quod
776 1333 805 1386 in
827 1353 857 1390 se
880 1341 935 1401 est,
964 1333 1100 1404 siquidem
1123 1332 1177 1401 ipsi
1202 1329 1290 1386 renati
1317 1332 1464 1385 arbitrium
1491 1330 1691 1400 possibilitatis
1723 1332 1793 1385 bono
1821 1333 1888 1387 uitio
1913 1333 2006 1402 primi
2031 1333 2155 1387 bominis

456 1425 570 1490 propter
596 1419 792 1474 adhaerentem
810 1419 900 1473 carnis
918 1417 1104 1472 infirmitatem
1121 1416 1225 1471 talibus
1242 1415 1290 1469 sti·
1313 1419 1429 1487 perdito
1453 1436 1472 1471 a
1494 1419 1639 1486 justorum
1658 1435 1767 1472 errasse
1789 1419 1945 1482 consortio,
1974 1437 2024 1473 nec
2045 1437 2101 1489 per
2124 1437 2157 1474 ss

457 1505 538 1559 mulis
556 1505 690 1574 indigent,
709 1505 810 1575 quibus
828 1504 865 1558 ad
880 1506 1012 1574 majorem
1029 1503 1201 1575 diligentiam
1219 1502 1289 1556 exci·
1317 1506 1358 1557 ad
1374 1505 1526 1571 cohortem,
1547 1504 1577 1556 in
1596 1511 1650 1567 est,
1674 1505 1715 1556 ad
1725 1505 1913 1571 paradisum,
1932 1506 1967 1558 ds
1987 1522 2041 1573 quo
2062 1506 2157 1572 aicit,

456 1597 562 1659 tentur,
588 1606 624 1644 nc
645 1590 715 1644 fides
740 1608 758 1644 a
777 1590 881 1659 Spiritu
905 1597 1001 1644 sancto
1021 1605 1139 1644 accensa
1156 1588 1290 1659 paulatim
1310 1590 1567 1656 fideliumnnmero
1582 1591 1779 1643 resociandam
1793 1608 1878 1660 posse
1894 1591 2084 1661 reverti,etc.;
2102 1591 2156 1648 hoc

456 1676 486 1730 in
500 1676 631 1731 cordibus
648 1675 769 1730 vicissim
786 1675 990 1747 exstinguatur3
1009 1692 1064 1730 non
1076 1681 1187 1729 renatos
1199 1690 1216 1728 a
1227 1691 1290 1728 con·
1316 1675 1452 1729 Dominus
1475 1675 1588 1746 probat,
1610 1692 1674 1729 cum
1696 1674 1871 1731 vulneratum
1889 1694 1907 1731 a
1922 1677 2078 1732 latronibus
2096 1695 2154 1733 uon

455 1757 624 1828 tradicendi,
650 1762 836 1816 calumniandi
855 1769 884 1817 et
900 1761 1111 1832 blasphemandi
1131 1760 1223 1814 studio
1243 1760 1289 1814 de·
1316 1761 1428 1831 proprio
1458 1778 1571 1832 gressu,
1603 1761 1652 1815 sed
1676 1762 1803 1831 jumento
1833 1763 2079 1836 superimpositum
2117 1763 2156 1818 ad

455 1847 590 1903 hortatur.
635 1848 699 1903 Huc
732 1849 854 1918 pertinet
884 1849 955 1903 liber
982 1847 1135 1918 Augustini
1166 1847 1202 1902 de
1231 1861 1289 1901 cor·
1317 1847 1456 1902 stabulum
1475 1848 1544 1902 dicit
1561 1865 1621 1904 esse
1638 1848 1769 1906 delatum.

456 1935 581 2005 raptione
600 1941 629 1989 et
646 1941 732 2006 grat,
750 1935 779 1989 in
797 1952 851 2006 quo
870 1934 1005 2003 ostendit,
1024 1935 1085 1989 illas
1104 1933 1290 2004 correptiones
1352 1940 1394 1991 90.
1430 1934 1497 1989 Luc.
1520 1940 1566 2003 ll,
1583 1952 1609 1990 v.
1630 1941 1675 1990 13:
1704 1937 1792 1990 Pater
1811 1936 1938 1990 coelestia
1960 1936 2039 1991 dabit
2059 1936 2193 2006 Spin-im

455 2017 485 2075 et
515 2020 720 2076 adhortationes
747 2037 807 2076 esse
833 2021 967 2075 salutaria
993 2036 1111 2092 organa,
1142 2036 1192 2089 per
1219 2035 1290 2090 quae
1318 2029 1373 2074 mm
1408 2029 1535 2075 sanctam
1559 2012 1724 2091 petentibus.
1778 2023 1858 2090 Erpa
1890 2024 1993 2092 absque
2027 2023 2155 2092 Spiritus
2167 2005 2193 2097 ἔξ

455 2107 574 2177 Spiritus
598 2114 710 2161 sauctus
736 2107 797 2161 vult
822 2124 882 2163 esse
908 2107 1007 2162 efficax
1036 2107 1065 2160 in
1088 2105 1218 2160 cordibus
1243 2103 1290 2158 ho·
1316 2107 1407 2160 sancti
1428 2108 1524 2174 pratia
1537 2126 1686 2176 postumus
1706 2110 1801 2162 Deam
1819 2108 1957 2163 invocare.
1992 2107 2153 2181 Responde·
2166 2124 2193 2166 v,

454 2193 605 2247 hominum.
640 2193 718 2248 Idem
745 2192 780 2247 de
805 2191 879 2247 bono
905 2209 1011 2263 persev.
1029 2208 1052 2245 c.
1077 2197 1123 2247 14:
1149 2189 1290 2245 Dominae
1317 2210 1393 2247 mus:
1419 2191 1482 2249 Nou
1500 2194 1535 2250 de
1551 2194 1642 2265 prima
1659 2194 1778 2250 scintilla
1795 2193 1860 2248 fidei
1880 2201 1908 2250 ct
1923 2194 2044 2266 Spiritus
2064 2184 2193 2286 loqui-{2

455 2298 516 2333 enm
544 2281 585 2333 eis
613 2280 787 2348 mqaeretar,
811 2279 879 2348 quia
906 2278 1037 2332 carnales
1064 2293 1150 2331 aures
1175 2283 1291 2345 apertas
1317 2287 1363 2334 tur
1387 2279 1529 2348 Christus,
1556 2280 1637 2351 quasi
1660 2281 1789 2351 precibus
1816 2281 1916 2336 nostn's
1940 2274 1957 2337 a
1980 2281 2193 2339 naturalibusu

454 2365 608 2434 habebant,
629 2365 739 2418 dicebat
760 2372 861 2434 tamen,
878 2364 1024 2433 quilebet
1041 2381 1125 2417 acres
1143 2361 1290 2429 audiendi,
1318 2366 1399 2420 liberi
1427 2366 1534 2421 arbitrii
1560 2367 1666 2422 viribus
1692 2366 1824 2438 profectis
1852 2373 1880 2421 et
1901 2366 2008 2439 absque
2034 2367 2153 2439 Spiritus
2165 2349 2193 2432 i:

455 2453 569 2518 cadim,
598 2468 669 2520 qssas
696 2468 753 2504 non
780 2467 871 2504 omnes
894 2451 995 2505 tabere
1014 2450 1119 2520 promel
1138 2449 1222 2502 dubio
1242 2466 1290 2502 ao·
1317 2452 1408 2523 gratia
1435 2451 1530 2509 effluis
1561 2470 1623 2509 eam
1651 2461 1823 2509 antevertere
1854 2471 2003 2525 queamus,
2038 2454 2087 2509 sed
2119 2454 2153 2510 de

456 2545 543 2591 aaut.
591 2537 619 2590 A
650 2554 705 2605 qno
734 2544 826 2590 autem
856 2537 975 2590 babeant
1000 2537 1154 2605 quicunque
1182 2536 1291 2601 labent,
1317 2538 1425 2609 accepti
1448 2538 1508 2609 jam
1533 2538 1652 2609 Spiritus
1681 2540 1772 2594 sancti
1796 2547 1946 2610 augmento
1969 2546 1998 2595 et
2019 2539 2154 2595 donorum

457 2625 519 2693 epse
535 2623 675 2678 Dominus
689 2623 822 2692 ostendit,
840 2623 889 2675 nbi
904 2623 956 2692 ait,
978 2623 1051 2677 dabo
1069 2623 1109 2675 ese
1127 2639 1176 2675 eor
1192 2639 1291 2690 capno·
1320 2625 1379 2693 ejus
1399 2625 1583 2694 incremento,
1601 2625 1676 2696 quod
1695 2625 1767 2680 euim
1786 2625 1903 2695 primam
1922 2624 1987 2681 fidei
2007 2625 2154 2681 scintillam

459 2710 559 2763 scendi
575 2726 618 2762 mc
637 2716 663 2762 ct
682 2724 766 2761 auras
783 2709 945 2777 audientem
964 2724 1047 2762 aures
1064 2725 1129 2776 erpo
1148 2706 1292 2770 audiendi,
1318 2717 1346 2765 et
1363 2710 1512 2766 salutarem
1530 2710 1584 2766 Dei
1603 2710 1805 2766 invocationem
1823 2712 1930 2781 attinet,
1947 2712 2051 2768 diserte
2070 2717 2153 2768 testa·

456 2797 548 2866 ipsam
568 2803 608 2849 est
626 2796 730 2849 donum
748 2795 905 2849 obediendi.
1317 2802 1363 2850 tur
1381 2797 1536 2867 apostolus,
1562 2797 1638 2869 quod
1656 2813 1735 2852 nemo
1748 2799 1842 2868 possit
1860 2799 1955 2853 dicere
1971 2798 2072 2853 Jesum
2090 2800 2151 2854 Do·

328 2895 384 2934 aaa
405 2889 442 2935 102
492 2888 532 2938 89.
568 2880 637 2939 Luc.
659 2888 704 2951 to,
726 2899 752 2935 v.
773 2886 818 2936 ³0:
851 2881 951 2935 Viator
969 2899 988 2933 a
1008 2879 1164 2933 latronibus
1180 2879 1292 2932 saucia·
1317 2883 1430 2951 mirmm,
1450 2884 1508 2936 nisi
1519 2900 1573 2952 per
1588 2883 1727 2954 Spiritum
1743 2892 1878 2942 sanctum.
1901 2891 1924 2942 l.
1942 2884 2005 2941 Cor.
2023 2891 2063 2950 12,
2079 2903 2105 2940 v.
2119 2892 2149 2957 33

328 2943 424 3038 iiiii.
456 2978 516 3034 mss,
544 2969 691 3024 semrm‘mm
714 2967 891 3037 relinquitur.
941 2966 1038 3020 Viator
1064 2966 1120 3020 ille·
1143 2973 1183 3020 est
1211 2973 1293 3035 typus
1319 2969 1457 3040 quomodo
1484 2985 1550 3040 ergo
1575 2985 1718 3038 possemus
1748 2987 1826 3025 orare
1846 2971 1905 3026 sine
1923 2969 2029 3042 Spiritu
2048 2977 2153 3043 sancto,

328 3059 417 3142 Μ’·
455 3057 572 3110 lamani
593 3055 703 3124 peneris
716 3073 735 3109 a
754 3053 869 3108 diabolo
887 3052 1011 3106 sauciati
1028 3059 1055 3107 et
1072 3053 1198 3121 spoliati.
1232 3053 1292 3106 Ηο-
1319 3055 1368 3127 qui
1384 3056 1459 3110 solus
1476 3062 1518 3110 est
1535 3056 1661 3126 &mitra
1679 3057 1791 3124 pretias
1810 3065 1836 3111 et
1850 3076 1966 3128 precum
1980 3057 2100 3113 Zachar.
2115 3064 2153 3128 12,

399 3127 407 3143 ’
454 3143 557 3197 minem
582 3141 710 3195 relictum
735 3156 795 3194 esse
818 3137 978 3192 semivirum
1003 3137 1054 3205 (ait
1072 3137 1214 3193 Salmerou
1233 3136 1291 3194 les.
1319 3159 1346 3196 v.
1369 3149 1408 3212 10,
1427 3143 1478 3212 qui
1494 3145 1575 3197 docet
1590 3161 1641 3197 nos
1659 3160 1750 3198 orare.
1777 3143 1841 3201 loh.
1861 3151 1886 3214 l,
1902 3161 1928 3201 v.
1945 3149 1986 3201 23.
2002 3144 2080 3216 Ergo
2099 3163 2154 3201 non

458 3229 487 3284 iu
511 3232 656 3284 comment
678 3226 764 3297 hujus
782 3225 878 3296 parab.
897 3231 977 3282 tract.
999 3229 1050 3294 16.)
1069 3225 1209 3294 sipnifieat
1226 3225 1292 3279 libe·
1320 3227 1354 3283 de
1371 3228 1582 3299 praeveniente,
1600 3229 1649 3282 sed
1667 3229 1868 3302 subsequente,
1886 3247 1942 3285 uon
1960 3230 1995 3284 dc
2013 3235 2154 3301 operante,

457 3334 520 3370 ram
544 3314 693 3368 arbitrium
711 3331 768 3368 non
787 3329 844 3367 esse
863 3312 1033 3367 exstinctam.
1068 3310 1292 3383 Respondemus:
1320 3314 1370 3369 sed
1396 3321 1562 3386 cooperante
1589 3313 1707 3387 Spiritus
1732 3314 1838 3389 gratim
1863 3332 1919 3371 non
1946 3316 1982 3372 de
2008 3315 2108 3387 primis
2125 3315 2154 3373 iu

447 3408 481 3457 ,1.
506 3400 666 3471 Allegoriae
694 3417 749 3455 non
776 3399 911 3470 praebent
937 3405 1102 3470 argumenta
1126 3399 1290 3468 apodictica,
1320 3401 1497 3457 conversione
1524 3400 1661 3471 motibus,
1694 3403 1743 3457 sed
1775 3402 1809 3458 de
1839 3409 1988 3473 augmmtc
2019 3403 2153 3459 donorum

456 3488 511 3543 nisi
529 3505 563 3543 er
580 3488 642 3557 ipsa
655 3487 800 3558 Scriptura
818 3485 965 3556 explicatio
982 3484 1137 3540 deducatur
1153 3485 1199 3540 vel
1217 3491 1291 3541 certe
1318 3486 1436 3557 Spiritus
1462 3486 1588 3543 Christus
1611 3487 1749 3558 loquitur,
1775 3488 1804 3542 id
1830 3488 1905 3560 quod
1929 3487 2154 3545 circumstantias

457 3591 520 3629 cum
545 3573 689 3644 Scriptura
711 3572 866 3628 consentire
891 3572 1031 3642 probetur.
1065 3576 1090 3627 2.
1108 3569 1218 3627 Christo
1239 3572 1291 3627 hoc
1317 3573 1430 3643 insuper
1455 3573 1619 3642 ostendunt,
1650 3572 1787 3645 siquidem
1813 3573 1936 3646 loquitur
1961 3573 2090 3629 Christus
2117 3574 2153 3629 ad

457 3662 518 3715 loco
541 3659 652 3731 propris
679 3666 708 3713 et
726 3657 916 3730 principaliter
933 3675 990 3713 nou
1007 3664 1050 3713 est
1066 3657 1237 3728 propositum
1256 3660 1290 3714 de
1317 3659 1471 3731 apostolos,
1499 3659 1547 3731 qui
1573 3658 1679 3729 Spiritu
1707 3665 1804 3714 sancto
1829 3661 1890 3729 jam
1915 3666 1995 3715 erant
2019 3660 2152 3731 renovati,

457 3753 532 3802 statu
554 3745 672 3800 hominis
696 3750 762 3815 post
776 3744 885 3813 lapsum
903 3750 931 3797 et
948 3743 1009 3813 ejus
1027 3744 1214 3814 reparatione,
1240 3745 1290 3799 sed
1317 3754 1401 3818 atque
1428 3746 1515 3800 utitur
1542 3745 1723 3802 similitudine
1748 3745 1785 3800 ab
1812 3744 1915 3801 effectu
1938 3745 2026 3817 patris
2051 3745 2153 3802 terreni

459 3834 494 3889 de
517 3832 640 3904 pmximo
663 3835 692 3886 et
713 3829 868 3884 dilectionis
889 3826 988 3883 officiis
1006 3828 1060 3900 ipsi
1078 3829 1178 3884 debitis
1197 3846 1289 3901 agere,
1317 3849 1385 3902 erga
1411 3832 1513 3887 liberos
1541 3849 1559 3887 a
1586 3848 1617 3887 se
1646 3830 1789 3903 quippiam
1818 3836 1943 3902 petentes
1976 3838 2004 3887 et
2033 3833 2154 3890 ostendit

457 3918 573 3989 proinde
603 3934 661 3971 non
691 3932 785 3970 omnes
815 3915 898 3985 hujus
930 3915 1081 3985 parabolae
1110 3922 1203 3987 partes
1233 3923 1289 3971 tam
1318 3918 1468 3989 discipulos
1488 3918 1607 3989 Spiritus
1624 3935 1646 3974 s.
1672 3918 1746 3972 dona
1761 3935 1778 3971 a
1795 3918 1909 3973 coelesti
1922 3918 2009 3976 Patre
2026 3925 2153 3989 petentes

455 4021 571 4076 operose
596 4010 625 4058 et
649 4002 787 4060 subtiliter
809 4007 875 4056 sunt
899 4001 1091 4070 excutiendae,
1119 4003 1169 4058 sed
1187 4002 1292 4059 sufficit
1316 4003 1504 4060 exaudiendos
1523 4021 1596 4072 esse,
1619 4021 1682 4058 cum
1698 4014 1754 4058 nou
1772 4003 1828 4058 siut
1845 4003 1984 4069 extranei,
2001 4005 2053 4061 sed
2070 4005 2152 4061 caris·

456 4090 639 4161 principalem
661 4104 775 4159 scopum
794 4094 904 4157 tenere,
928 4105 984 4160 qua
1007 4088 1042 4145 de
1065 4105 1096 4144 re
1121 4088 1202 4160 plura
1220 4089 1289 4145 dixi·
1315 4090 1378 4146 simi
1390 4090 1443 4147 Dei
1460 4090 1519 4145 filii.
1555 4093 1594 4143 At
1612 4089 1725 4161 (inquis)
1742 4107 1830 4159 quare
1849 4092 1903 4143 bae
1920 4091 2037 4145 dicendi
2053 4093 2152 4157 forma

457 4194 520 4231 mus
538 4176 568 4230 in
584 4179 697 4230 mactat.
720 4175 756 4230 de
775 4174 875 4244 interp.
888 4174 1055 4245 Scripturas.
1088 4180 1113 4230 3.
1124 4174 1154 4231 Si
1173 4175 1289 4228 velimus
1318 4178 1443 4231 Obrimas
1461 4177 1569 4230 utitur!
1584 4175 1672 4229 voluit
1689 4176 1788 4231 docere
1806 4193 1862 4231 nou
1879 4192 1937 4231 esse
1949 4178 2150 4248 exspectandos

454 4264 490 4319 ad
520 4263 658 4319 homiuem
683 4263 793 4332 lapsum
818 4261 936 4327 referre,
968 4262 1043 4333 quod
1068 4260 1180 4316 relictus
1205 4262 1290 4317 fuerit
1315 4264 1449 4319 violentos
1465 4269 1494 4318 et
1513 4261 1656 4319 sensibiles
1672 4270 1777 4331 motus,
1803 4281 1836 4319 ex
1854 4262 1955 4333 quibus
1974 4264 2011 4319 de
2027 4264 2148 4335 Spiritus

453 4350 610 4419 semivivus,
629 4365 806 4421 nequaquam
826 4349 861 4404 de
879 4348 939 4401 vita
956 4346 1094 4417 spirituali
1113 4354 1198 4418 atque
1217 4347 1288 4402 adeo
1315 4350 1403 4406 sancti
1423 4350 1514 4422 gratia
1537 4366 1570 4404 ac
1592 4349 1749 4421 praeseutia
1768 4355 1891 4404 statuero
1908 4349 2064 4420 possimus,
2089 4350 2152 4406 licet

454 4436 491 4492 de
509 4436 696 4503 conversione,
712 4432 768 4489 fide
786 4439 815 4489 et
833 4432 991 4490 obedientia
1004 4433 1064 4488 Deo
1084 4433 1221 4504 placento,
1238 4434 1288 4488 scd
1314 4454 1501 4509 repugnemus
1520 4435 1606 4492 verbo
1625 4442 1654 4491 et
1671 4436 1765 4508 pravis
1781 4435 1928 4491 affectibus
1946 4436 2151 4509 indulgeamus,

454 4522 490 4579 ds
510 4523 569 4577 vita
590 4520 711 4577 naturali
733 4527 762 4576 et
779 4520 815 4575 de
831 4525 945 4575 externa
962 4519 1108 4590 disciplina
1126 4520 1195 4575 illud
1216 4520 1287 4575 acci-
1314 4526 1364 4579 sod
1385 4525 1497 4595 quando
1514 4523 1647 4579 habemus
1666 4523 1842 4593 desiderium,
1859 4522 2151 4580 etiamsivixobscuro

452 4609 598 4681 piendum,
621 4625 687 4663 nam
710 4607 784 4679 quod
806 4607 893 4661 vitam
919 4604 1090 4676 spiritualem
1109 4624 1143 4661 ac
1159 4608 1231 4663 vires
1252 4607 1289 4662 ad
1314 4610 1420 4682 gemitu
1447 4617 1646 4689 assecuraret,
1673 4610 1741 4665 certi
1766 4609 1850 4665 simus
1872 4609 2006 4680 Spiritum
2024 4617 2150 4665 sanctum

453 4712 515 4751 eam
533 4694 718 4750 inchoandam
736 4692 891 4749 necessario
910 4692 1023 4763 attinet,
1044 4710 1099 4749 non
1117 4693 1288 4760 semivirum,
1314 4697 1412 4753 adesse
1446 4713 1480 4752 sc
1513 4695 1629 4767 operari.
1681 4696 1779 4753 Voluit
1809 4695 1893 4751 etiam
1925 4694 2149 4754 imbecillitatem

453 4783 503 4839 sed
534 4783 619 4854 plaus
648 4786 786 4835 momuum
810 4778 954 4849 Scriptura
982 4779 1146 4850 pronuntiat
1170 4779 1235 4835 loh.
1263 4787 1289 4849 5,
1314 4790 1437 4839 nosram
1460 4782 1583 4853 erigere,
1608 4799 1644 4838 ue
1659 4780 1836 4851 deficiamus,
1859 4780 1925 4837 licet
1942 4781 2039 4837 tenuia
2054 4786 2085 4838 st
2103 4782 2149 4838 ob·

452 4885 479 4924 v.
506 4874 548 4925 25.
579 4867 682 4939 Ephes.
707 4872 734 4934 2,
754 4884 781 4922 v.
810 4874 834 4922 t.
870 4866 1008 4921 Macarius
1030 4866 1122 4921 homil
1146 4872 1187 4923 30.
1213 4866 1290 4921 iliad
1313 4886 1395 4924 scura
1416 4869 1472 4927 sint
1497 4867 1647 4939 principia,
1673 4867 1722 4923 sed
1740 4874 1868 4938 petamus
1887 4883 1921 4922 ea
1937 4868 2050 4939 augeri,
2077 4885 2146 4941 quse

452 4957 660 5010 semimortuam
683 4970 740 5009 esse
758 4952 867 5009 confert
884 4969 946 5006 eum
963 4955 1076 5007 Latara
1095 4954 1287 5023 quatriduano
1313 4956 1406 5012 omnia
1426 4955 1524 5011 melius
1545 4953 1682 5025 captari,
1702 4971 1786 5026 quam
1803 4972 1836 5010 ex
1854 4953 1936 5009 nudis
1954 4952 2148 5025 disputationi·

452 5040 483 5094 in
505 5042 654 5114 sepulchro
676 5040 738 5109 jam
754 5040 888 5106 scatente.
925 5038 1015 5109 Lyra:
1036 5039 1148 5092 sabbata
1172 5048 1213 5093 est
1229 5041 1286 5095 rita
1313 5042 1365 5097 bus
1392 5041 1592 5113 mmffigunnn
1627 5039 1793 5111 Fulgentius
1817 5038 1897 5110 epist.
1924 5044 1947 5094 6.
1972 5039 2010 5093 ad
2028 5039 2149 5098 Theoi:

450 5130 571 5198 pratiae,
587 5133 716 5181 manente
735 5126 793 5179 rita
811 5134 939 5180 naturae.
972 5125 1150 5181 Maldouatus
1166 5125 1196 5180 in
1212 5142 1285 5182 com·
1314 5130 1429 5199 Semper
1460 5128 1572 5197 quidem
1602 5127 1778 5198 adjutorium
1807 5126 1918 5195 pretias
1947 5126 2027 5180 nobis
2059 5134 2100 5182 est
2128 5144 2147 5181 a

450 5220 549 5267 ment:
581 5213 665 5276 Quod
693 5213 799 5267 dieitur
827 5212 1032 5266 semimortuum
1061 5228 1120 5266 essa
1148 5213 1287 5280 relictam,
1312 5218 1377 5270 Dea
1403 5218 1592 5287 poscendam,
1620 5218 1673 5270 sed
1699 5231 1752 5269 nee
1775 5214 1867 5283 ipsum
1893 5214 1972 5282 qrsod
1995 5215 2149 5281 poscimus,

450 5299 523 5353 amul
541 5300 624 5353 aliud
644 5300 802 5369 sipnijicat,
827 5316 911 5367 qaam
937 5314 998 5352 eam
1021 5298 1051 5351 in
1075 5306 1150 5351 stata
1167 5300 1287 5355 manime
1311 5303 1417 5356 viribus
1433 5301 1538 5356 nostris
1551 5302 1734 5371 assipnemus,
1753 5316 1840 5369 neque
1860 5299 1932 5354 enim
1949 5299 2049 5353 baberi
2054 5306 2149 5369 potest

449 5385 607 5441 miserabili
623 5386 752 5440 relietum
776 5401 850 5454 esse,
873 5403 939 5439 nam
963 5385 1004 5438 ita
1023 5384 1152 5438 relictum
1170 5403 1237 5455 esse,
1256 5394 1287 5441 ut
1311 5389 1373 5456 epse
1396 5389 1496 5443 saltem
1516 5388 1653 5444 orationis
1672 5389 1803 5457 affectus,
1831 5387 1890 5440 nisi
1908 5385 2043 5439 divinitus
2053 5386 2150 5454 suerit

450 5472 643 5527 semimortuus
661 5479 742 5542 esset,
768 5471 960 5525 miserabilius
978 5476 1019 5523 est
1038 5488 1122 5539 quam
1139 5472 1167 5523 si
1182 5473 1288 5538 fuisset
1312 5474 1468 5532 attributas.
1501 5475 1535 5528 Ut
1554 5490 1621 5543 erpo
1633 5473 1823 5527 desideremus
1837 5471 2014 5541 adjutorium
2025 5472 2148 5541 pratiae,

355 5554 359 5558 ’
448 5566 591 5625 marmus,
616 5574 671 5627 asso
689 5558 779 5627 magis
797 5557 940 5612 miseriam
957 5558 1090 5612 ambiebat
1107 5575 1195 5611 suam.
1231 5559 1287 5617 No·
1311 5560 1362 5614 boo
1380 5562 1472 5631 ipsum
1490 5577 1598 5630 qaoque
1616 5568 1656 5615 est
1673 5560 1796 5627 gratiae,
1821 5559 1886 5628 ipsa
1909 5574 2029 5628 namque
2046 5558 2147 5628 incipit

448 5646 539 5702 rimus
561 5648 701 5700 auctorem
722 5643 890 5715 hypognost
912 5641 975 5698 libr.
992 5647 1016 5698 3.
1039 5642 1132 5697 lacum
1154 5643 1228 5699 hunc
1249 5644 1286 5700 ad
1307 5647 1397 5715 posci,
1432 5646 1607 5717 Augustinus
1626 5645 1674 5701 lib.
1694 5651 1718 5702 4.
1737 5649 1834 5700 contra
1854 5643 1912 5701 lul
1931 5660 1955 5698 c.
1974 5649 2006 5700 8:
2032 5643 2082 5698 Ibi
2100 5660 2148 5698 sos

448 5734 567 5791 liberum
593 5729 739 5787 arbitrium
760 5730 876 5786 referre:
899 5732 984 5785 Recte
1003 5728 1117 5801 (iuquit)
1135 5730 1228 5784 dictus
1245 5739 1286 5784 est
1311 5731 1489 5803 (PelagIani),
1517 5740 1547 5785 at
1563 5731 1660 5801 video,
1681 5747 1788 5801 ponere
1804 5730 1871 5799 jam
1893 5730 2025 5799 coepistis
2047 5729 2147 5784 merita

450 5822 612 5883 semim'ans,
644 5817 764 5872 babebat
791 5817 864 5872 enim
889 5816 1001 5872 sitalem
1026 5823 1145 5883 matrem,
1177 5816 1210 5870 id
1236 5824 1285 5882 est,
1311 5820 1435 5884 qratiam
1461 5817 1664 5887 praecedentia
1670 5838 1682 5885 ,-
1711 5817 1789 5885 qaod
1806 5824 1847 5869 est
1862 5824 1971 5886 petere,
2002 5831 2150 5886 quaerere,

436 5904 570 5984 humma
593 5906 744 5961 mbitrimn
766 5906 956 5973 miseratum,
977 5903 1055 5972 qnod
1081 5903 1109 5955 ei
1130 5904 1223 5958 solum
1245 5907 1301 5973 ad,
1306 5905 1441 5975 pulsare,
1460 5912 1491 5957 nt
1511 5904 1556 5956 liis
1577 5904 1685 5958 meritos
1708 5902 1803 5956 debita
1821 5902 1877 5958 illa
1892 5903 2049 5973 reddatur,
2072 5919 2109 5959 ac
2124 5903 2152 5959 st
