5017 6675
442 651 503 726 ¹9⁸
920 604 923 612 Ι
1132 637 1258 700 millib
1274 635 1447 701 DEOIMUS

381 843 383 846 .
440 802 476 869 ds
502 799 804 870 non-concupiscendo
827 798 858 853 in
885 797 939 852 tus
965 796 1024 851 vita
1049 796 1184 866 implerep
1212 792 1276 850 Bel·
1303 809 1387 874 quam
1408 794 1577 850 excussimus
1600 796 1742 867 superium
1771 799 1797 851 2.
1816 797 1886 852 dicit
1911 814 2073 852 consanum
2097 799 2138 854 D.

439 878 574 951 luminas
596 886 659 941 vult
681 903 714 942 ex
737 885 792 940 illis
815 885 1014 952 demonstrare,
1037 901 1088 937 nos
1104 901 1161 937 non
1178 879 1278 950 teneri,
1302 881 1426 952 apostoli
1447 898 1509 934 cum
1529 882 1591 950 lepc
1614 883 1643 936 in
1668 901 1699 938 eo
1720 885 1887 958 comiders,
1910 900 1967 941 noa
1983 884 2061 955 qua
2080 901 2140 938 ram

440 978 473 1028 nt
490 979 672 1044 praeceptum
688 971 758 1026 illud
775 971 948 1041 impleamus,
966 986 1039 1041 quas
1057 974 1134 1024 certe
1145 985 1202 1023 non
1212 969 1419 1021 srmtteandem
1441 967 1527 1022 oetint
1552 976 1601 1021 aut
1622 968 1714 1024 nolint
1732 968 1845 1046 Paulus
1864 968 1967 1035 et'iss,
1992 970 2046 1033 ssd
2063 972 2140 1041 quod

442 1059 677 1132 ἰσοδυναμοῦντα.
719 1057 895 1128 Augustinus
920 1056 1001 1120 dicit,
1025 1055 1055 1109 in
1081 1054 1139 1109 vita
1164 1053 1413 1135 aeternsyPaulus
1432 1054 1497 1107 uelit
1516 1062 1566 1107 aut
1584 1054 1655 1108 nolit
1673 1056 1715 1125 id,
1731 1057 1808 1126 quad
1824 1056 1870 1137 ies
1882 1055 1966 1124 jubet
1984 1072 2045 1109 arm
2057 1055 2140 1125 cede,

441 1145 508 1203 olim
547 1144 672 1216 perfecte
706 1143 796 1216 legem
833 1142 910 1197 illam
946 1159 964 1197 a
997 1141 1078 1197 nobis
1106 1138 1353 1212 inplendum,'boc
1368 1147 1417 1207 est,
1435 1140 1818 1210 concupiscentiisicsistere.
1842 1139 2066 1212 Respondemus:
2083 1154 2178 1196 nouv.
2192 1154 2230 1197 as.

441 1231 572 1302 nuspiam
594 1237 687 1285 autem
712 1229 803 1298 addit,
829 1229 858 1283 in
875 1229 927 1284 hac
944 1230 1001 1283 uita
1019 1246 1069 1283 nos
1085 1228 1122 1281 sd
1141 1242 1203 1282 eam
1220 1242 1276 1280 non
1286 1210 1292 1294 i
1303 1226 1392 1280 solum
1411 1225 1464 1280 hoc
1483 1227 1599 1299 requirit
1614 1229 1668 1294 lex,
1687 1235 1719 1283 ut
1736 1228 1969 1300 concupiscentiis
1986 1228 2140 1293 resistatur,

443 1316 577 1390 obligari3
597 1316 730 1371 imovero
749 1315 816 1387 quia
834 1314 956 1386 August
974 1315 1054 1383 dicit,
1077 1331 1110 1369 ex
1127 1313 1190 1383 lege
1206 1327 1277 1365 mor·
1303 1311 1353 1366 sed
1381 1312 1472 1381 etiam,
1503 1320 1535 1367 ut
1567 1332 1623 1369 non
1655 1315 1880 1386 concupiscatur3
1913 1321 2062 1385 utrumque
2079 1315 2142 1368 vult
2175 1304 2189 1327 ‘

443 1403 511 1459 bum
536 1409 660 1457 nocuum
689 1400 820 1472 cognosci
846 1407 873 1457 et
899 1400 935 1455 ad
958 1399 1146 1472 quaerendum
1169 1397 1277 1452 animae
1304 1398 1445 1468 apostolus
1472 1416 1522 1468 per
1549 1400 1684 1471 Spiritum
1710 1410 1837 1457 sanctum
1863 1411 2061 1473 regeneratus,
2090 1401 2141 1457 sed

442 1487 579 1545 medicum
606 1504 657 1543 uos
683 1487 822 1560 ablegari,
848 1486 945 1559 utique
969 1485 1182 1556 praesupponit,
1207 1483 1278 1554 legis
1305 1483 1473 1554 quiaadhuc
1491 1503 1524 1540 er
1542 1493 1621 1556 parte
1638 1487 1690 1543 sub
1708 1492 1846 1544 vetustate
1862 1487 1952 1542 carnis
1965 1488 2142 1556 constitutus,

442 1575 522 1630 istius
544 1573 714 1644 obligatione
733 1591 783 1627 nos
801 1573 904 1640 teneri;
927 1573 968 1627 ita
985 1572 1058 1627 enim
1075 1570 1172 1625 scribit
1189 1568 1277 1639 Epist.
1306 1569 1368 1624 ideo
1387 1571 1461 1641 quod
1479 1588 1534 1625 non
1551 1573 1611 1626 vult
1630 1589 1683 1628 nec
1701 1575 1846 1644 approbat,
1877 1574 1946 1628 illud
1963 1567 2141 1628 nihilominus

443 1660 550 1718 moad
563 1659 729 1714 Asellicum:
752 1660 866 1714 Utilitas
884 1660 955 1727 lepis
972 1666 1022 1726 est,
1039 1665 1069 1710 ut
1089 1658 1224 1710 bominem
1244 1656 1279 1709 de
1306 1654 1381 1723 facit,
1400 1656 1454 1711 hoc
1472 1663 1522 1720 est,
1542 1659 1631 1712 carnis
1653 1660 1890 1730 concupiscentias
1908 1660 2000 1715 sentit
2034 1663 2062 1715 3.
2085 1661 2142 1714 Fa·

443 1765 496 1802 ersa
513 1746 676 1810 infirmitate
694 1746 877 1799 convincatet
891 1746 1003 1814 qratiae
1016 1744 1194 1811 medicinam,
1208 1759 1280 1810 quae
1306 1742 1391 1795 citius
1421 1743 1481 1796 dici
1511 1746 1628 1812 usserit,
1659 1754 1684 1799 et
1709 1745 1834 1816 apostoli
1858 1754 1975 1800 mentem
2002 1752 2029 1798 et
2055 1746 2142 1814 lepem
2186 1801 2189 1807 ,

444 1834 475 1887 ia
488 1830 600 1886 Christo
619 1840 668 1899 est,
686 1832 842 1900 implorare
862 1832 1021 1902 compellat.
1040 1829 1089 1884 lib.
1108 1835 1129 1885 l.
1153 1829 1188 1884 de
1200 1832 1280 1898 nupt.
1307 1828 1382 1882 nolle
1407 1829 1660 1899 concupiscentium
1678 1839 1708 1884 ut
1726 1830 1877 1900 objectum,
1900 1831 2012 1884 interim
2032 1840 2144 1901 aposto-
2209 1891 2213 1898 ,

444 1923 473 1975 et
490 1934 605 1987 concup.
625 1935 647 1972 c.
668 1923 708 1973 29.
729 1917 810 1987 dicit,
833 1918 950 1971 multum
969 1917 1034 1972 boni
1049 1935 1067 1970 a
1087 1916 1194 1970 renatis
1207 1915 1282 1984 fieri,
1308 1915 1365 1967 lum
1387 1917 1609 1986 concupiscendo
1629 1923 1713 1985 tepens
1731 1936 1787 1972 non
1806 1918 1980 1987 transpredi,
2006 1935 2068 1971 curn
2088 1936 2145 1972 non

444 2005 556 2077 fiterim
578 2012 670 2058 tamen
697 2003 785 2071 iepem
812 2004 848 2056 ab
875 2004 914 2057 eis
939 2021 995 2058 non
1014 2003 1131 2073 perfici,
1160 2003 1212 2056 boo
1232 2009 1281 2068 est,
1307 2001 1466 2056 voluntarie
1491 2004 1685 2076 concupiscat,
1705 2005 1826 2072 perinde
1849 2011 1879 2057 ut
1897 2005 1998 2057 caedes
2016 2004 2145 2058 inuolua-

339 2146 341 2150 Α
439 2090 569 2163 perfecte
604 2090 720 2159 impleri
725 2109 737 2154 ;
773 2089 850 2159 quod
885 2090 968 2143 nulla
1006 2090 1159 2160 sophistica
1197 2085 1284 2141 everti
1309 2087 1385 2141 toria
1403 2105 1459 2142 non
1479 2097 1518 2142 est
1537 2097 1637 2143 contra
1654 2090 1748 2157 tepens.
1786 2089 2010 2161 Respondemus:
2033 2088 2056 2142 si
2074 2089 2146 2144 illud

439 2178 558 2246 poterit.
1309 2173 1406 2243 solum,
1425 2174 1499 2246 quod
1518 2181 1582 2229 actu
1599 2175 1793 2242 voluntarium,
1815 2181 1857 2230 est
1868 2175 2144 2247 uunsgressiolegin

480 2268 521 2318 15.
558 2261 614 2318 Sed
639 2261 713 2315 enirn
738 2277 774 2316 ne
791 2260 820 2314 in
838 2260 1013 2315 concedendo
1030 2260 1111 2314 nimis
1129 2259 1225 2330 largus
1243 2259 1282 2313 vi-
1309 2259 1439 2314 tollentur
1465 2261 1557 2315 omnia
1578 2261 1753 2333 ignorantiae
1778 2267 1805 2316 et
1830 2259 1998 2315 infirmitatis
2015 2271 2146 2333 peccata3

446 2347 545 2403 deutur
574 2346 777 2415 Bellarminus,
814 2352 961 2417 postquam
998 2345 1054 2400 late
1085 2345 1282 2415 disputaverat,
1310 2344 1333 2398 si
1351 2345 1422 2399 illud
1440 2345 1537 2412 solum,
1556 2346 1630 2417 quod
1647 2346 1918 2417 actuuoluntarium,
1933 2351 1977 2401 est
1991 2354 2146 2418 peccatum,

447 2434 532 2489 etism
561 2433 664 2503 primos
692 2431 933 2502 concupiscentiae
961 2438 1052 2486 motus
1080 2432 1173 2502 aliquo
1201 2430 1284 2485 modo
1310 2430 1498 2501 negabiturin
1512 2430 1670 2486 universum
1682 2432 1816 2503 originale
1828 2437 1982 2502 peccatum.
2003 2432 2047 2487 De
2059 2433 2146 2489 caede

446 2522 509 2592 lege
527 2519 580 2574 Dei
597 2517 754 2588 prohiberi,
773 2518 933 2589 subjungit:
946 2509 1095 2588 probabile
1114 2520 1198 2573 etium
1217 2535 1284 2581 csse,
1310 2517 1496 2571 involuntaria
1513 2517 1622 2572 dicetur
1638 2536 1688 2572 suo
1706 2518 1775 2573 loco.
1811 2518 1901 2588 Adde,
1921 2519 1996 2589 quod
2015 2519 2068 2574 hae
2082 2518 2147 2575 Bel·

448 2607 527 2676 quod
549 2604 605 2658 olii
628 2607 741 2665 docent,
762 2613 914 2675 praecepto
931 2607 997 2659 Non
1015 2605 1206 2675 oonmtpiscee,
1229 2622 1285 2658 non
1311 2602 1420 2656 larmini
1443 2603 1593 2658 solutiones
1619 2621 1679 2659 sese
1702 2604 1820 2658 invicem
1842 2609 1976 2662 evertant.
2018 2605 2049 2661 Si
2074 2606 2147 2661 enim

444 2690 594 2762 prohiberi
619 2688 679 2743 uilo
710 2691 792 2743 modo
819 2698 908 2742 motus
926 2691 1146 2759 incoluntur-ios,
1172 2692 1224 2744 sed
1240 2707 1285 2741 as-
1312 2689 1392 2760 primi
1415 2689 1654 2759 concupiscentiae
1676 2697 1765 2745 motus
1785 2690 1869 2744 etiam
1888 2690 2065 2746 involuntarii
2083 2692 2147 2764 lege

449 2794 560 2832 sensum
593 2783 709 2830 tantum.
762 2775 849 2830 Vides
877 2776 1018 2831 hominum
1047 2777 1157 2830 illorum
1189 2776 1285 2830 intern-
1312 2775 1500 2845 prohibentur,
1517 2793 1572 2829 non
1591 2783 1683 2847 potest
1701 2794 1850 2832 cousensus
1869 2776 1916 2832 ille
1933 2777 2004 2848 legis
2025 2784 2053 2833 et
2071 2795 2146 2832 men-

449 2861 570 2934 periem,
607 2861 698 2916 omnia
727 2861 838 2933 fingunt
867 2869 896 2917 et
925 2864 1047 2935 pingunt
1078 2880 1129 2933 pro
1161 2862 1285 2930 arbitrio,
1310 2863 1346 2916 tis
1370 2861 1500 2916 constitui
1525 2862 1555 2914 ir
1582 2864 1618 2931 τῷ
1638 2861 1763 2917 resistere
1788 2862 2031 2933 concupiscentiis,
2060 2868 2088 2918 et
2107 2864 2148 2918 sic

449 2965 485 3004 uc
510 2948 631 3021 genuina
651 2948 809 3019 Scripturas
832 2950 971 3003 sententia
995 2955 1177 3021 agnoscatur,
1204 2948 1285 3002 modo
1311 2949 1451 3019 responsio
1475 2948 1598 3003 secunda
1615 2948 1688 3003 tollit
1704 2950 1839 3018 primam;
1863 2949 1994 3018 vicissim,
2022 2947 2047 3003 si
2068 2967 2147 3005 mens

449 3041 623 3091 concesserat
644 3035 746 3106 primos
773 3036 1013 3106 concupiscentiae
1039 3042 1129 3090 motus
1151 3036 1214 3106 lege
1231 3034 1284 3089 Dei
1312 3034 1429 3105 apostoli
1452 3041 1480 3088 et
1503 3034 1546 3088 lex
1567 3033 1621 3089 Dei
1647 3035 1746 3089 nolunt
1771 3034 2021 3105 concupiscentiam
2047 3041 2079 3088 ut
2097 3035 2147 3090 ob·

293 3146 297 3157 ·
394 3156 398 3161 -
448 3121 602 3194 prohiberi,
626 3139 689 3176 mox
716 3122 811 3178 audies
831 3122 860 3174 id
878 3139 934 3176 non
954 3122 1042 3177 solum
1060 3129 1216 3194 negantem,
1235 3121 1284 3176 sed
1306 3121 1429 3189 jectum,
1449 3120 1546 3192 utiquc
1565 3138 1623 3175 rem
1642 3121 1758 3175 eandem
1776 3121 1881 3186 nolunt,
1901 3128 1928 3177 et
1945 3121 1985 3175 sic
2003 3122 2147 3192 responsio

450 3208 534 3265 etiam
573 3207 745 3279 argumentis
784 3213 966 3273 evertentem,
1001 3215 1087 3261 rstica
1122 3207 1155 3262 οὐ
1189 3215 1284 3263 κεῖται.
1310 3207 1392 3262 tertia
1410 3208 1509 3261 evertit
1527 3207 1686 3263 secundam

450 3291 594 3359 Quomodo
619 3310 683 3349 vero
706 3292 821 3365 probat,
843 3300 951 3350 tantum
976 3295 1158 3350 voluntariam
1176 3300 1204 3350 et
1222 3313 1285 3350 cum
1346 3299 1387 3350 tr.
1423 3292 1540 3364 Argum.
1557 3293 1591 3349 V.
1611 3290 1795 3364 Conqueritur
1813 3293 1953 3365 apostolus
1971 3293 2077 3350 volenti
2092 3294 2148 3352 sibi

450 3396 565 3435 usensu
596 3381 773 3450 conjunctam
802 3397 917 3451 pravam
943 3382 1195 3453 concupiscentiam
1223 3382 1285 3452 lege
1312 3378 1415 3433 bonum
1432 3377 1524 3434 facere
1540 3380 1643 3433 malum
1660 3380 1796 3451 adjacere,
1815 3380 1893 3436 Rom.
1911 3387 2031 3451 i,v.tl;
2051 3380 2148 3454 utique

450 3465 504 3521 Dei
531 3465 692 3536 prohiberi?
721 3470 745 3521 1.
773 3468 818 3521 Ab
844 3469 972 3537 apostolo
1000 3477 1117 3522 uocatur
1144 3470 1213 3523 baec
1241 3468 1286 3521 tea
1312 3482 1378 3536 ergo
1397 3464 1619 3535 concupiscentis
1637 3472 1678 3520 est
1695 3466 1751 3521 talc
1769 3466 1880 3537 mulum,
1900 3467 1976 3540 quod
1993 3465 2147 3539 perfectam

450 3552 549 3605 mentis
571 3550 650 3606 Rom.
672 3558 703 3619 i,
721 3570 748 3606 v.
767 3558 814 3622 23,
839 3553 906 3622 quia
930 3572 986 3608 non
1009 3555 1103 3622 cami,
1129 3558 1182 3608 sed
1204 3555 1288 3607 rnenti
1312 3550 1382 3623 legis
1408 3550 1595 3622 impletionem
1622 3551 1757 3616 excludit,
1787 3558 1815 3607 et
1837 3570 1889 3623 per
1910 3570 2081 3625 consequens
2105 3560 2149 3609 est

450 3639 521 3692 duta
540 3645 588 3693 est.
614 3636 839 3708 Respondemus:
859 3638 903 3693 lex
920 3638 1020 3693 mentis
1041 3639 1206 3711 intelligitur
1222 3657 1285 3709 pro·
1312 3644 1464 3707 peccatum.
1504 3636 1690 3691 Bellnrminus
1717 3637 1805 3707 primo
1836 3641 2014 3708 conqueritur
2044 3642 2079 3694 de
2102 3641 2148 3693 ab

395 3775 397 3780 .
448 3724 547 3796 pensio
572 3724 691 3778 hominis
717 3741 767 3795 per
794 3724 928 3794 Spiritum
955 3725 1045 3779 renati
1071 3725 1107 3780 ad
1133 3725 1285 3796 perfectam
1312 3727 1444 3777 scuritatc
1475 3724 1560 3793 irrejus
1587 3724 1657 3791 ioci,
1683 3732 1785 3793 postea
1814 3726 1911 3795 addit,
1940 3743 2051 3779 sensum
2075 3728 2148 3781 bunc

450 3809 636 3866 obedientiam
662 3809 719 3881 legi
743 3811 953 3880 praestandam,
981 3817 1012 3866 ut
1036 3830 1086 3866 suo
1111 3811 1171 3867 loco
1194 3818 1285 3867 osten·
1313 3826 1387 3863 esse:
1424 3812 1533 3863 invenio
1568 3810 1654 3879 tepens
1686 3811 1786 3864 bonum
1818 3814 1962 3880 quoddam
1993 3830 2051 3866 esse
2079 3814 2150 3867 milri

450 3895 561 3968 demum
590 3895 691 3950 falsum
719 3903 774 3964 est,
802 3914 857 3951 non
880 3897 969 3967 carni,
996 3898 1046 3952 sed
1069 3898 1154 3953 menti
1177 3904 1285 3952 tantum
1310 3896 1415 3949 uolenti
1435 3897 1545 3962 facere,
1569 3896 1602 3949 id
1625 3904 1677 3965 est,
1700 3896 1803 3950 uolenti
1825 3898 1890 3951 bene
1911 3899 2028 3966 operari
2053 3907 2079 3953 et
2106 3918 2147 3955 se·

450 3981 545 4038 datam
570 3981 677 4053 legem,
704 3981 759 4036 imo
782 3999 847 4037 vero
872 3983 924 4037 toti
947 3982 1052 4037 homini
1076 3983 1120 4038 lex
1144 3984 1211 4039 data
1234 3991 1285 4044 est,
1312 3984 1431 4035 cundum
1462 3984 1550 4050 icqem
1575 3984 1680 4052 viuere,
1712 3983 1774 4037 ideo
1801 3992 1894 4037 aedem
1920 3984 2031 4039 inuenio
2059 3986 2149 4056 laqem

449 4067 578 4140 perinde,
593 4074 624 4121 ut
647 4067 789 4138 originalis
811 4068 922 4138 justitia
946 4069 1068 4124 omniurn
1088 4070 1188 4125 virium
1206 4071 1285 4126 recti·
1313 4087 1371 4123 esee
1394 4070 1536 4139 quoddam
1560 4070 1673 4138 bonum,
1696 4070 1764 4138 quia
1787 4070 1893 4123 malum
1910 4070 2149 4140 concupiscentiae

451 4154 520 4212 mdo
538 4161 606 4213 eret.
642 4157 669 4213 2.
688 4156 786 4208 Omnia
804 4155 936 4224 decotopi
949 4164 1107 4225 praecepta
1125 4158 1286 4226 intellipun-
1313 4156 1383 4209 mibi
1416 4156 1543 4224 adjacet,
1580 4158 1646 4209 dum
1676 4157 1748 4209 enim
1779 4157 1815 4209 ab
1844 4175 1903 4210 uua
1926 4165 2013 4226 parte
2043 4160 2149 4213 ndum

451 4246 498 4297 tur
516 4241 718 4298 deuotionibus
731 4242 827 4295 liberis
840 4242 983 4312 planeque
1002 4243 1177 4297 voluntariis.
1207 4245 1286 4311 Erpa
1314 4243 1450 4313 aelp'acens
1474 4242 1574 4294 incitat
1599 4243 1640 4294 ad
1657 4250 1818 4311 peccatum,
1843 4244 1878 4294 ab
1903 4242 1995 4297 altera
2018 4244 2065 4297 ter
2088 4247 2149 4312 Do·

453 4334 480 4384 ot
496 4327 549 4382 boc
564 4335 746 4398 praeceptum
766 4329 801 4381 de
819 4329 1128 4399 non-concupiscendo.
1163 4329 1287 4401 Respon-
1315 4328 1384 4380 mini
1405 4328 1524 4381 retrahit
1546 4345 1565 4380 a
1586 4335 1719 4397 peccato,
1746 4329 1841 4396 itaque
1859 4346 1914 4381 non
1927 4346 2013 4397 posse
2033 4330 2093 4398 (ait)
2118 4349 2150 4385 cs

453 4413 565 4469 demus:
604 4419 633 4469 et
667 4414 834 4468 antecedens
869 4414 971 4469 falsum
1003 4422 1031 4469 et
1059 4416 1121 4485 ipsa
1145 4416 1287 4472 connexio.
1313 4414 1365 4467 loc
1390 4416 1450 4467 ioco
1476 4414 1567 4483 effici,
1591 4415 1668 4481 quod
1693 4412 1737 4466 les
1760 4414 1872 4467 servari
1894 4431 1949 4467 non
1965 4416 2076 4486 possit,
2100 4426 2150 4473 aut

450 4498 540 4565 Illud,
564 4499 630 4569 quia
648 4497 774 4553 Christus
791 4498 889 4554 Matth.
906 4506 930 4555 5.
954 4507 1132 4572 praeceptum
1159 4501 1194 4555 de
1219 4519 1286 4555 non·
1315 4502 1391 4570 quod
1426 4499 1652 4569 concupiscentia
1691 4499 1884 4553 involuntaria
1916 4509 2066 4569 peccatum
2102 4504 2148 4557 sit.

451 4585 603 4643 occidendo
621 4585 661 4638 ita
679 4585 884 4655 interpretatur,
905 4588 1077 4642 utostendat
1090 4588 1286 4658 etiamprimos
1314 4586 1537 4657 Respondemus:
1572 4585 1684 4655 quidam
1717 4584 1801 4639 verba
1839 4586 1949 4639 inuenio
1983 4586 2071 4655 tepens
2107 4606 2149 4645 se-

451 4672 488 4729 ed
513 4672 583 4727 iram
607 4676 698 4725 motus
723 4687 755 4725 eo
773 4669 928 4742 prohiberi3
954 4672 1018 4741 hoc,
1041 4674 1108 4745 quia
1125 4674 1199 4745 quod
1219 4673 1287 4728 rari
1309 4675 1434 4744 jungunt
1463 4690 1481 4726 a
1512 4672 1708 4743 sequentibus,
1743 4688 1892 4742 eorumque
1918 4671 2001 4727 talem
2027 4673 2150 4730 reddunt

451 4759 535 4835 ῥητὸν
560 4758 707 4813 verborum
723 4756 753 4811 in
770 4758 884 4828 reliquis
901 4760 1056 4830 praeceptis
1075 4761 1232 4829 obscurius,
1259 4760 1287 4816 id
1313 4759 1507 4832 paraphrasim
1537 4758 1577 4812 sic
1606 4775 1713 4813 mecum
1741 4764 1931 4828 comparatum
1961 4762 2015 4822 est,
2046 4757 2088 4813 ita
2115 4766 2150 4815 ut

450 4845 480 4901 in
504 4846 601 4901 ultimo
619 4849 769 4917 praecepto
788 4844 823 4898 de
844 4846 1145 4916 non-concupiscendo
1162 4848 1288 4903 redditur
1314 4848 1357 4902 lex
1393 4862 1444 4916 per
1472 4844 1658 4899 conditionem
1687 4843 1848 4913 accipiatur.
1904 4843 1962 4897 Alii
1992 4844 2033 4897 ita
2063 4845 2149 4915 expli·

450 4933 633 5001 manisestius,
652 4948 708 5001 qus
727 4931 762 4986 de
779 4948 809 4985 re
825 4929 893 4985 alibi
912 4930 1001 4999 plura.
1313 4940 1390 4988 cant:
1418 4931 1571 5001 comperior
1595 4930 1698 4985 volenti
1724 4928 1790 4983 mihi
1813 4928 1905 4984 facere
1930 4930 2048 5001 bonurn,
2076 4929 2151 4985 hanc
2210 4924 2216 4932 “

486 5023 527 5075 16.
562 5018 680 5090 Argum.
699 5016 748 5073 1v.
765 5017 844 5071 Mens
862 5016 896 5071 D.
915 5016 997 5071 Pauli
1020 5034 1070 5089 per
1090 5018 1223 5089 Spiritum
1244 5038 1286 5076 re·
1312 5020 1403 5091 legem
1429 5017 1546 5087 (scilicet
1569 5017 1726 5087 impositam
1752 5022 1837 5083 esse),
1862 5016 1936 5086 quod
1961 5016 2028 5070 mihi
2045 5018 2152 5072 malum

451 5109 518 5160 nats
542 5110 570 5158 et
593 5105 637 5159 lex
658 5103 712 5159 Dei
732 5103 805 5158 idem
825 5103 963 5157 uolebant.
999 5103 1077 5158 Rom.
1099 5111 1122 5173 7,
1138 5122 1163 5159 v.
1187 5111 1225 5162 16.
1256 5107 1286 5164 si
1312 5106 1446 5175 adjaceat.
1466 5102 1643 5157 Ambrosius:
1658 5104 1761 5171 Leqem
1773 5102 1885 5170 Moysis
1898 5104 2001 5156 asserit
2012 5104 2154 5157 uoluntati

451 5198 544 5245 autem
569 5190 643 5261 quod
662 5191 738 5259 nolo,
764 5190 834 5244 illud
851 5189 939 5253 facio,
965 5189 1107 5244 consentio
1126 5190 1195 5262 legi,
1219 5210 1285 5264 quo·
1311 5208 1379 5244 suae
1397 5192 1468 5243 darc
1481 5206 1642 5242 consensum
1654 5197 1751 5241 corrtra
1761 5197 1916 5256 peccatum,
1934 5190 2052 5256 quadiu
2064 5207 2153 5246 carna

451 5274 526 5330 niam
543 5274 617 5330 bona
636 5282 685 5331 est.
705 5276 793 5348 Atqui
811 5294 888 5332 mens
905 5274 941 5329 D.
961 5274 1079 5344 apostoli
1096 5275 1208 5348 nolebat
1225 5297 1285 5333 sen·
1312 5278 1432 5343 habitat,
1453 5291 1537 5346 quam
1553 5274 1764 5346 explicationem
1782 5275 1908 5345 sequitur
1924 5273 2043 5346 August.
2063 5276 2112 5331 lib.
2131 5283 2152 5333 1.

450 5362 503 5419 tire
526 5368 616 5415 motus
642 5362 888 5432 concupiscentiae.
930 5361 1006 5433 Ergo
1030 5361 1113 5416 etiam
1139 5362 1195 5435 legi
1217 5364 1285 5419 DEI
1313 5370 1409 5418 contra
1427 5361 1496 5415 duas
1515 5361 1646 5432 epistolas
1658 5360 1802 5432 Pelagian.
1821 5378 1843 5414 c.
1865 5367 1902 5416 lo.
1921 5360 2153 5433 Theophylactus

453 5451 545 5504 motus
569 5445 610 5500 illi
633 5446 835 5518 repugnabant
871 5447 954 5504 Unde
977 5447 1126 5519 Augustin.
1152 5468 1232 5505 serm.
1260 5458 1283 5505 5.
1312 5450 1351 5503 ita
1363 5448 1469 5502 reddit:
1490 5448 1605 5501 Invenio
1618 5448 1706 5517 tepcm
1712 5448 1858 5515 faventem
1870 5447 1976 5500 volenti
1986 5449 2062 5519 mitri,
2074 5434 2154 5518 qaod

452 5535 488 5591 de
515 5531 591 5589 verb.
617 5536 718 5601 apost:
753 5532 830 5594 Quid
855 5533 943 5602 dicis,
968 5553 984 5589 o
1010 5535 1076 5589 ieci
1104 5554 1160 5589 aaa
1186 5555 1285 5590 concu-
1313 5538 1412 5589 bonum
1425 5542 1465 5588 est
1476 5536 1589 5602 facere,
1608 5535 1661 5587 sed
1674 5552 1728 5588 non
1735 5534 1870 5603 facienti,
1890 5535 2022 5603 quoniam
2034 5536 2154 5605 adjacet

451 5622 560 5693 waes,
583 5626 609 5672 et
627 5635 677 5686 eqo
695 5619 761 5672 nolo
780 5620 987 5689 concupiscere,
1007 5640 1064 5673 non
1082 5622 1179 5690 implet
1196 5623 1285 5692 tepens
1312 5622 1382 5674 mr'bi
1407 5622 1521 5675 malum.
1555 5620 1685 5674 Erasmus
1712 5621 1742 5674 rb
1767 5620 1809 5674 ὅτι
1832 5620 1936 5693 accipit
1965 5622 2074 5682 sidereis
2097 5621 2153 5679 hoc

450 5708 600 5773 infirmitas
627 5722 705 5768 meo,
735 5707 787 5758 sed
815 5706 903 5772 leqem
931 5706 1033 5759 iaudat
1062 5707 1191 5760 noluntas
1216 5726 1285 5763 meu.
1313 5725 1408 5763 sensu:
1438 5710 1514 5761 Dum
1538 5725 1624 5761 conor
1644 5724 1749 5777 parere
1775 5708 1834 5776 lapi
1854 5709 1957 5776 bonae,
1982 5716 2007 5762 et
2024 5710 2153 5763 vincente

455 5792 638 5848 bellarminus
664 5790 709 5846 hic
733 5789 856 5845 lubricus
879 5797 934 5859 est,
963 5798 986 5845 1.
1012 5793 1113 5861 repetit
1136 5811 1216 5846 sunm
1243 5796 1286 5848 di·
1313 5794 1467 5864 cupiditate
1481 5793 1636 5861 pert-rabor
1654 5794 1695 5845 ad
1712 5794 1824 5862 reatum,
1844 5797 1934 5848 sentio
1953 5795 2058 5847 malum
2076 5796 2155 5849 iilud

450 5880 623 5934 stipationem
646 5879 719 5932 inter
737 5876 956 5946 prohibitionem
976 5877 1047 5947 finis
1070 5886 1098 5933 et
1122 5879 1287 5953 mediorum,
1312 5881 1342 5935 in
1360 5896 1403 5936 me
1419 5895 1486 5943 esse,
1504 5896 1561 5935 non
1579 5879 1609 5932 in
1627 5877 1697 5947 ispe.
1734 5876 1873 5950 Quicquid
1889 5878 1933 5951 sit,
1950 5878 2020 5934 illud
2038 5880 2152 5954 ndum,
