5017 6675
442 629 501 690 118
1124 618 1248 683 locus
1265 620 1443 684 octavus

328 789 365 833 11.
378 786 424 832 tut.
440 779 534 852 quitur
556 778 592 837 de
615 782 735 857 angelis:
758 781 827 837 tun
849 783 946 837 nidum
963 789 1111 837 menturae
1128 780 1272 850 angelicae
1298 779 1431 836 larminns
1450 778 1598 854 improbat
1632 777 1803 835 Inhabitatio
1820 776 1940 852 Spiritus
1959 795 1980 832 s.
1998 775 2035 832 ab
2053 775 2134 832 initio

439 866 558 935 dicitnr,
585 871 662 938 quod
685 887 741 922 non
764 871 899 924 adhaeret
918 871 996 932 Dee,
1018 869 1082 922 hine
1097 867 1273 938 apertissime
1297 865 1464 922 conditionis
1488 867 1663 939 competebat
1680 866 1802 932 Adamo,
1823 866 1877 938 ipsi
1900 882 2011 938 quoque
2029 863 2134 936 posteri

438 952 617 1020 declaratur,
641 955 704 1023 ejns
727 963 859 1026 11111111,
882 964 913 1010 nt
930 957 994 1011 Deo
1017 954 1185 1023 adbaerent,
1207 969 1272 1008 ecn-
1298 953 1359 1024 ejus
1381 953 1499 1010 11111111
1522 953 1627 1025 templa
1649 953 1769 1026 Spiritus
1787 972 1822 1019 1.,
1846 959 1877 1008 at
1893 969 1960 1008 nurn
1982 954 2135 1024 propterea

437 1039 540 1094 venire.
575 1040 686 1112 Excipit
704 1041 903 1111 Bellarminus,
922 1041 1067 1097 conuenire
1084 1048 1202 1095 nauscae
1220 1057 1271 1093 on·
1298 1039 1401 1095 donum
1429 1041 1575 1097 natumle‘?
1610 1040 1673 1097 Non
1705 1038 1808 1094 sufficit
1835 1038 1926 1094 varias
1956 1038 2134 1110 exceptiones

436 1125 578 1192 petonem,
602 1144 660 1180 non
679 1135 772 1181 autem
794 1129 977 1198 ncnrrclr'tsr,
1000 1128 1052 1182 sed
1068 1145 1123 1198 per
1139 1126 1271 1196 oratiam
1297 1123 1415 1196 fingere,
1439 1130 1471 1180 ut
1493 1125 1535 1180 111
1559 1125 1695 1182 dictorum
1719 1142 1885 1198 quocunque
1903 1125 1986 1180 modo
2005 1124 2133 1181 11111111

437 1210 663 1282 Respondemus:
690 1231 746 1268 non
771 1214 942 1270 excludimus
965 1213 1033 1269 DEI
1061 1212 1191 1287 gratim,
1222 1211 1272 1267 sed
1297 1211 1391 1282 possit,
1413 1211 1462 1267 sed
1480 1210 1642 1284 probandae
1660 1211 1744 1268 etiam
1763 1216 1843 1268 11111
1860 1211 1931 1267 istae
1947 1210 2133 1282 exceptiones.

438 1315 472 1353 ex
492 1296 559 1352 DEI
577 1298 668 1371 311111
683 1305 811 1355 naturam
828 1301 983 1373 angelicam
1006 1302 1046 1356 ita
1070 1298 1212 1355 conditam
1230 1297 1271 1351 di·
1298 1295 1448 1352 Peccatum
1466 1297 1600 1369 originale
1622 1297 1724 1353 dicitur
1742 1296 1877 1366 naturale,
1895 1314 1952 1352 non
1963 1296 2055 1352 solum
2065 1296 2134 1367 quia

438 1383 538 1453 cimus,
562 1389 594 1438 ut
616 1384 751 1440 naturalis
778 1388 838 1457 ejus
866 1389 1020 1458 proprietas
1046 1392 1119 1442 emet
1143 1384 1205 1439 Deo
1222 1382 1271 1437 ud-
1298 1381 1334 1436 ab
1352 1380 1431 1438 initio
1448 1391 1526 1439 ortus
1543 1383 1647 1441 homini
1664 1382 1798 1455 competit
1814 1390 1843 1438 et
1862 1399 1913 1455 per
1924 1383 2133 1456 generationem

439 1468 566 1539 haerere,
594 1470 669 1542 quod
693 1471 794 1527 (1111111
814 1473 895 1528 docet
911 1472 1085 1545 Augustinus
1103 1471 1132 1525 in
1150 1487 1183 1526 eo
1200 1469 1270 1533 loco,
1297 1476 1482 1539 propagatur,
1508 1470 1603 1524 sedet
1621 1469 1728 1525 ratione
1745 1469 1942 1538 inhaerentiae,
1960 1470 2027 1540 qnia
2044 1473 2133 1524 totam

438 1561 471 1610 ut
496 1555 617 1611 ostendit
635 1557 806 1629 comparatio
823 1559 885 1624 ills,
910 1575 966 1631 qua
986 1558 1085 1614 utitur:
1109 1555 1189 1612 Sicut
1207 1571 1270 1609 cum
1297 1559 1424 1614 11111111
1442 1554 1591 1609 humanam
1610 1555 1639 1609 in
1653 1555 1762 1610 Adamo
1782 1555 1822 1611 ita
1839 1555 1937 1611 iniecit
1948 1560 1977 1612 et
1989 1555 2132 1625 tabefecit,

437 1640 535 1696 vitium
553 1642 696 1699 oculorum
711 1644 815 1700 dicitur
832 1645 958 1714 caecitas,
976 1644 1005 1698 id
1016 1642 1177 1712 ostenditur,
1195 1639 1271 1713 quod
1297 1647 1329 1694 ut
1344 1639 1439 1695 natira
1454 1640 1561 1698 indoles
1571 1641 1714 1698 hominum
1725 1648 1789 1713 post
1800 1642 1909 1713 lapsum
1923 1643 2133 1713 progenitorum

439 1727 474 1780 sd
492 1733 620 1783 naturam
638 1724 781 1785 oculorum
799 1731 920 1801 pertinet
936 1731 1019 1798 visus,
1036 1728 1076 1784 ita
1093 1745 1156 1782 cum
1172 1726 1271 1781 vitium
1297 1725 1422 1782 evaserit

437 1817 582 1870 creaturae
599 1816 742 1888 angelicae
761 1816 962 1888 dicitur,=quod
979 1833 1036 1871 non
1051 1813 1184 1869 adhaeret
1200 1811 1270 1881 Deo,
1333 1818 1374 1867 11.
1410 1818 1434 1869 t.
1470 1812 1576 1869 Concil.
1596 1814 1676 1868 Trid.
1695 1830 1759 1869 sess.
1779 1818 1805 1868 5.
1824 1815 1917 1883 docct,
1932 1819 2052 1884 propter·
2064 1829 2134 1883 pec·
2157 1812 2177 1857 7·

436 1897 501 1954 hinc
525 1901 700 1971 apertissime
724 1903 894 1969 declaratur,
917 1904 978 1972 ejus
1003 1907 1132 1969 naturae,
1156 1905 1188 1955 nt
1209 1898 1271 1954 Deo
1298 1906 1391 1951 catum
1408 1899 1528 1970 originis
1545 1901 1697 1954 incrnrr'sse
1714 1917 1766 1954 nos
1782 1899 1813 1953 in
1830 1904 1995 1969 pacatulam
2013 1899 2136 1966 dioboli,

438 1985 600 2056 adhaereat,
630 1987 789 2044 convenire:
823 1988 975 2045 Subsume:
1012 1987 1056 2041 ris
1085 1985 1198 2041 ridendi
1230 1991 1273 2039 est
1299 1991 1437 2054 totumque
1459 1986 1595 2040 hominem
1617 1990 1768 2042 secundnm
1793 2002 1896 2056 cor-pus
1917 1993 1943 2039 et
1959 1986 2083 2039 ammam
2103 1986 2135 2039 in

439 2073 575 2127 naturalis
596 2074 670 2141 oculi
689 2073 809 2145 indoles,
833 2075 873 2129 ita
889 2074 931 2128 111
952 2073 1012 2130 Ι)11
1032 2071 1201 2128 adhaerendi
1218 2070 1273 2126 fuit
1300 2071 1422 2125 deenen
1438 2081 1586 2142 mutatum,
1617 2074 1651 2126 iel
1674 2091 1738 2127 nero
1765 2089 1822 2126 non
1847 2081 1889 2126 est
1910 2073 2025 2142 privari
2041 2073 2136 2126 solum

439 2158 574 2212 naturalis
591 2160 735 2231 angelicae
750 2165 866 2216 naturae
879 2160 1041 2232 proprietas.
1059 2159 1140 2215 Vidit
1149 2156 1203 2211 hoc
1210 2155 1273 2211 Bel·
1300 2158 1375 2211 dono
1390 2160 1609 2228 supernaturali.
1645 2159 1757 2230 Excipit
1776 2158 1969 2226 Bellarminus,
1988 2166 2136 2228 rarumque

439 2243 580 2314 lsrminus,
600 2244 662 2300 ideo
679 2246 798 2317 priorem
810 2246 1022 2317 comparationis
1033 2250 1141 2317 partem
1153 2243 1252 2299 omisit
1300 2261 1318 2296 a
1337 2259 1366 2296 se
1381 2245 1484 2315 asseri,
1506 2245 1637 2299 videlicet
1649 2253 1769 2314 propter·
1783 2252 1932 2315 peccatum
1949 2243 2135 2312 1111111111-

392 2341 414 2381 1.
476 2335 516 2386 68.
543 2336 566 2386 t.
584 2330 734 2403 Augustin.
747 2331 781 2387 de
798 2348 868 2388 corr.
887 2337 916 2388 et
934 2339 1003 2404 grat
1015 2350 1039 2388 a
1053 2339 1091 2388 11.
1104 2327 1271 2386 1111Ε1111.
1298 2330 1399 2383 minem
1421 2330 1573 2384 insumere
1594 2331 1625 2384 in
1650 2331 1762 2385 diaboli
1779 2336 1960 2401 potestatem,
1985 2348 2021 2384 ae
2038 2345 2134 2384 semn-

439 2432 463 2469 c.
484 2421 541 2472 106.
558 2416 668 2472 asserit:
693 2417 784 2471 Vitam
801 2426 944 2472 aetenam
962 2420 992 2472 in
1005 2426 1080 2472 natu
1097 2415 1271 2471 innocentiae
1299 2412 1366 2469 dum
1392 2433 1496 2486 corpus
1514 2425 1540 2470 ct
1565 2418 1690 2471 animam
1712 2420 1743 2471 in
1761 2417 1884 2472 1111111111
1901 2424 2038 2471 mutatum
2056 2432 2134 2486 esse,-

434 2503 570 2568 sntnrom
587 2503 678 2565 samse
695 2506 848 2557 mercedem
867 2505 967 2573 meriti,
985 2521 1139 2575 quaenunc
1156 2511 1196 2556 est
1213 2520 1271 2554 nrn·
1298 2517 1349 2554 nec
1372 2509 1462 2556 tamen
1488 2503 1624 2557 hominem
1643 2504 1672 2556 in
1687 2505 1772 2573 puris
1791 2504 1970 2558 naturalibus
1988 2503 2134 2557 condiunt

438 2606 502 2657 nus,
530 2605 595 2656 erpo
618 2589 729 2656 iustitia
754 2591 905 2657 originalis
930 2600 957 2644 et
976 2592 1095 2657 caritas,
1115 2606 1170 2658 per
1188 2606 1271 2658 queam
1291 2589 1387 2656 fnisse
1416 2590 1447 2642 in
1476 2589 1586 2642 diaboli
1609 2597 1764 2659 potestate,
1796 2591 1848 2644 sed
1867 2590 2004 2657 saturum
2033 2589 2133 2657 tisino,

431 2676 540 2741 fuisso
562 2675 693 2736 meritus,
720 2695 776 2729 non
798 2678 901 2729 donum
923 2677 1049 2745 gratiae,
1074 2677 1126 2728 seri
1148 2675 1271 2728 conditio
1298 2675 1396 2743 quales
1415 2692 1467 2729 nos
1485 2692 1579 2728 sumtus
1596 2677 1692 2746 quoad
1708 2677 1905 2730 mortalitatem
1923 2677 2067 2746 eorporis,
2091 2691 2132 2729 re·
2145 2683 2174 2723 IV

439 2759 581 2813 naturalrh
609 2761 640 2814 in
663 2763 777 2814 Adoreo
804 2762 914 2826 11111111.
962 2760 1184 2833 Respondemus:
1213 2761 1271 2817 Nos
1298 2761 1444 2816 bellionem
1461 2763 1653 2831 membrorum,
1671 2763 1871 2831 ignorantiam,
1890 2762 2091 2831 difficultatem
2108 2769 2134 2817 et

439 2845 491 2901 hoc
514 2854 677 2919 argumento
696 2866 751 2903 non
770 2849 887 2918 utimur,
911 2848 977 2920 qnia
993 2849 1100 2920 primns
1116 2847 1198 2903 homo
1216 2865 1270 2902 non
1297 2846 1411 2901 similia.
1447 2844 1670 2917 Respondemus:
1702 2846 1826 2902 Concilio
1853 2847 1930 2902 Trid.
1954 2865 2006 2903 nos
2032 2865 2134 2918 parum

439 2949 473 2988 ex
492 2932 557 2988 solis
576 2932 656 2989 liberi
676 2933 783 2989 arbitrii
801 2935 914 2998 viribus,
930 2935 979 2990 sed
998 2933 1082 2990 etiam
1100 2950 1133 2988 ex
1151 2931 1271 3003 Spiritus
1296 2931 1459 2997 tribuimus,
1479 2933 1588 2989 interim
1608 2934 1705 2990 merito
1723 2934 1895 3006 quaerimus,
1913 2935 2052 3007 quomodo
2071 2952 2134 2990 sen·

438 3037 460 3073 s.
490 3018 692 3075 inhabitatione
720 3020 750 3073 in
781 3026 856 3075 statu
884 3020 1059 3076 innocentiae
1087 3020 1123 3074 ad
1153 3018 1270 3091 gloriam
1295 3019 1411 3074 tentiam
1436 3037 1513 3074 suam
1539 3019 1724 3075 Bellarminus
1752 3037 1816 3074 cum
1839 3020 1882 3074 his
1905 3019 2016 3075 concilii
2037 3021 2134 3075 verbis

437 3103 536 3159 inisset
553 3111 791 3176 perseveraturus:
811 3113 839 3160 et
856 3106 880 3160 si
897 3105 943 3160 111
956 3104 1271 3161 maximeobedientiam
1298 3105 1444 3161 conciliare
1466 3105 1553 3160 velit?
1590 3105 1619 3163 Si
1648 3106 1720 3161 enim
1748 3113 1892 3177 peceatum
1921 3105 2036 3179 originis
2060 3106 2135 3162 nihil

438 3191 499 3261 ejus
518 3190 592 3246 vitae
609 3196 738 3247 aeternae
753 3192 876 3262 praemio
894 3190 972 3247 Deus
989 3197 1198 3254 remunerasset,
1216 3207 1271 3245 non
1297 3190 1373 3245 aliud
1398 3197 1454 3258 est,
1477 3209 1560 3262 quam
1579 3192 1698 3262 privatio
1717 3192 1782 3247 doni
1800 3194 2032 3265 supernaturalis,
2054 3194 2134 3250 salva

439 3283 532 3331 tamen
550 3293 583 3332 ex
599 3277 711 3343 merito,
735 3277 847 3350 proprie
866 3281 894 3332 et
911 3277 1005 3331 stricte
1024 3275 1175 3349 loquendo,
1201 3275 1271 3329 illud
1297 3283 1382 3349 atque
1399 3277 1508 3350 integra
1525 3282 1652 3334 manente
1663 3279 1725 3349 ipsa
1735 3277 1853 3333 hominis
1868 3284 1976 3346 nature,
1990 3280 2130 3351 quomodo

442 3362 618 3433 obtinuisset,
641 3381 704 3418 cum
728 3363 887 3421 obedientia
907 3363 956 3418 illa
970 3365 1033 3433 jure
1050 3362 1195 3417 creationis
1211 3363 1271 3431 jam
1298 3363 1354 3418 dici
1375 3370 1480 3434 potest,
1515 3363 1654 3426 hominem
1682 3383 1732 3436 per
1757 3372 1902 3438 peceatum
1926 3366 2077 3423 incurrisse
2099 3368 2128 3423 in

439 3456 504 3504 ente
522 3447 583 3510 Deo
599 3449 698 3505 inisset
717 3450 819 3520 debita,
837 3456 865 3505 et
882 3467 945 3504 cum
961 3449 1039 3504 nulls
1057 3448 1139 3520 plane
1157 3447 1192 3504 sit
1209 3465 1272 3518 pro·
1299 3448 1404 3504 diaboli
1419 3455 1598 3520 potestatem,
1617 3450 1670 3505 sub
1682 3468 1738 3523 quo
1749 3467 1804 3506 non
1817 3452 1916 3507 1111111
1925 3452 2046 3521 futurus,
2065 3453 2131 3509 siin

439 3534 528 3606 portio
557 3535 630 3591 inter
659 3535 777 3591 hominis
808 3535 992 3592 obedientiam
1023 3534 1217 3606 temporariam
1244 3539 1273 3588 et
1298 3535 1374 3606 puris
1391 3535 1565 3591 naturalibus
1587 3543 1660 3591 esset
1676 3537 1823 3592 conditus?
1841 3538 1974 3594 Ulterius.
2011 3539 2042 3593 Si
2061 3555 2131 3595 mor·

439 3620 601 3677 felicitatem
618 3622 693 3679 vitae
710 3627 839 3678 aeternae
859 3628 1028 3693 perpetuam.
1298 3620 1393 3675 talitas
1411 3621 1542 3692 corporis,
1561 3622 1745 3678 membrorum
1763 3623 1886 3693 rebellio,
1904 3624 2062 3695 ignorantia
2080 3632 2131 3682 etc.

392 3715 413 3757 ⁵·
475 3713 516 3765 69.
554 3715 576 3764 5.
600 3699 786 3780 'Augustinus
809 3707 859 3765 lib.
888 3714 912 3763 3.
941 3709 977 3763 de
999 3707 1048 3762 lib.
1073 3706 1154 3761 arbit.
1179 3722 1203 3762 c.
1224 3711 1270 3761 te:
1298 3724 1331 3762 ex
1365 3707 1433 3779 ipsis
1467 3714 1582 3763 naturae
1616 3708 1759 3780 principiis
1788 3709 1991 3780 profluxerunt,
2025 3717 2131 3767 remoto

439 3794 608 3865 Approtare
624 3795 706 3859 falsa
721 3813 778 3866 pra
794 3797 881 3864 11111,
903 3797 1023 3848 11111111
1040 3795 1157 3860 inrum,
1185 3800 1211 3845 et
1227 3809 1271 3845 re·
1298 3794 1394 3848 saltem
1417 3794 1559 3866 originalis
1581 3794 1710 3864 justitiae
1731 3794 1817 3863 dono,
1841 3798 1979 3867 quomodo
1998 3796 2054 3851 dici
2071 3803 2131 3868 pot·

437 3880 550 3935 metente
569 3876 652 3949 atque
670 3889 814 3950 torquente
831 3882 930 3936 dolare
948 3882 1074 3934 earnalis
1092 3880 1200 3934 vinarii
1216 3896 1271 3932 non
1298 3886 1351 3949 est,
1375 3897 1425 3951 per
1448 3886 1592 3952 peccatum
1617 3881 1752 3954 originale
1770 3888 1859 3937 totum
1876 3881 2015 3937 hominem
2034 3900 2131 3939 secun·

434 3973 519 4035 posse
536 3986 555 4018 a
574 3967 733 4020 libidinante
751 3968 880 4035 operibns
898 3974 1064 4035 temperare,
1089 3984 1145 4018 non
1163 3973 1203 4018 est
1220 3982 1271 4018 na·
1298 3967 1363 4020 dum
1382 3982 1482 4037 corpus
1501 3973 1529 4021 et
1547 3968 1665 4021 animam
1684 3966 1713 4021 in
1732 3967 1852 4022 deterius
1868 3975 2005 4023 mutatum
2023 3970 2104 4025 essei

438 4058 503 4104 tura
526 4052 647 4119 instituti
662 4052 795 4117 lerninis,
818 4055 870 4105 secl
880 4070 973 4121 poena
992 4053 1125 4106 damnati.
1161 4050 1272 4121 Excipit
1334 4058 1373 4107 tt.
1409 4058 1432 4108 8.
1468 4053 1617 4124 Augustin.
1656 4053 1690 4108 de
1726 4059 1842 4124 corrept.
1874 4060 1903 4108 et
1932 4059 2004 4125 grat.
2035 4072 2060 4109 e.
2091 4060 2130 4113 11.
2153 4060 2172 4102 ⁸·

438 4136 630 4206 Bellarminus,
649 4138 729 4208 loqui
739 4138 886 4206 Angustia.
899 4140 1058 4202 denatura,
1075 4137 1169 4206 qrralis
1177 4137 1272 4203 suerit
1298 4139 1390 4207 docet,
1421 4140 1516 4192 cornis
1538 4140 1669 4208 impetum
1691 4140 1781 4207 magis
1804 4156 1862 4193 esse
1879 4140 2022 4210 rebellem,
2046 4159 2130 4211 quom

439 4224 469 4276 in
491 4223 586 4292 primo
613 4225 736 4289 homine,
765 4242 820 4277 non
849 4224 944 4293 qrealr's
969 4240 1028 4276 carre
1042 4224 1172 4292 potnerit.
1217 4221 1271 4276 Re·
1298 4234 1362 4278 ante
1385 4233 1528 4294 peccatum
1552 4226 1611 4278 sine
1638 4226 1732 4293 pratia
1752 4227 1875 4291 futurum
1901 4234 1970 4281 erat.
2018 4227 2132 4299 Excipit

440 4310 620 4381 spondemus:
639 4310 694 4365 imo
714 4327 794 4379 vero,
813 4309 938 4381 quaestio
959 4315 1014 4379 est,
1032 4308 1121 4380 qualis
1138 4307 1223 4362 suerit
1241 4307 1271 4360 in
1297 4310 1427 4365 Bellarm.
1453 4311 1640 4379 Augustiana
1659 4312 1789 4379 nuspiam
1809 4312 1914 4379 dicere,
1938 4315 2015 4381 qnod
2033 4315 2130 4368 carnis

437 4397 515 4467 puris
537 4397 711 4452 naturalibus
728 4397 832 4467 primus
851 4396 947 4459 homo,
969 4413 1005 4449 an
1023 4394 1129 4449 scilicet
1148 4395 1176 4448 in
1193 4394 1271 4464 puris
1297 4399 1415 4467 impetur
1433 4398 1524 4465 magis
1542 4388 1655 4450 rebellis
1674 4415 1758 4466 qrram
1775 4405 1839 4451 ante
1857 4401 2132 4467 peccatumjuturus

437 4482 610 4537 naturalibus
630 4484 669 4538 ita
687 4483 773 4538 fuerit
793 4500 811 4537 a
829 4482 890 4538 Deo
909 4487 1031 4548 creatus,
1054 4487 1087 4535 ut
1103 4480 1209 4535 furores
1230 4481 1271 4534 illi
1298 4484 1436 4537 eretriae
1454 4484 1565 4551 qratia,
1593 4499 1680 4553 neque
1697 4483 1774 4537 illud
1790 4486 1826 4537 ab
1842 4485 2000 4551 Auentino
2019 4488 2132 4556 uspiam

436 4566 585 4623 libidinum
603 4574 631 4623 et
653 4569 935 4639 concupiscentiarum
966 4566 1100 4620 malarum
1124 4582 1158 4621 ex
1184 4566 1271 4636 ipsius
1298 4572 1401 4634 asseri,
1435 4573 1512 4640 qnod
1539 4589 1616 4640 pura
1644 4572 1791 4625 naturalia
1814 4572 1929 4637 fuerim
1958 4574 2077 4627 saniora
2106 4582 2133 4629 et

437 4659 539 4708 natura
557 4659 654 4725 sponte
671 4661 889 4724 prorumperent,
905 4654 957 4707 nisi
973 4649 1271 4723 'supernaturalijusti
1293 4658 1416 4727 pre-iera
1440 4665 1503 4709 onte
1522 4664 1683 4726 peccatum,
1706 4676 1790 4727 qrsnm
1814 4659 1871 4711 sint
1888 4665 1955 4727 post
1973 4661 2131 4729 peccatum.

438 4742 493 4796 tiae
517 4738 660 4812 originalis
685 4740 757 4794 dono
783 4739 1014 4808 reprimerentur?
1038 4737 1223 4793 Bellarminus
1241 4738 1270 4792 id
1298 4743 1521 4813 Respondemus:
1539 4759 1575 4797 an
1594 4742 1769 4814 subterfugis
1785 4742 1852 4807 ista,
1871 4744 1972 4813 quibus
1992 4744 2021 4799 in
2041 4746 2132 4801 detor·

438 4826 572 4889 affirmat,
595 4826 645 4881 sed
664 4824 838 4897 Augustinus
864 4824 965 4879 diserte
988 4832 1080 4895 negat.
1118 4823 1146 4879 Si
1170 4831 1272 4879 natura
1299 4829 1416 4901 quendis
1433 4828 1584 4900 Augustini
1602 4828 1684 4883 dictis
1701 4829 1828 4899 superius
1846 4828 1936 4883 allatis
1948 4830 2132 4887 Bellarminus

438 4897 556 4968 homibis
574 4912 614 4967 ite
633 4910 725 4966 aDeo
742 4910 854 4965 condita
872 4915 922 4971 est,
943 4916 975 4963 ut
994 4910 1073 4964 homo
1084 4911 1187 4965 inritus
1199 4911 1271 4966 salsa
1298 4934 1365 4970 usus
1390 4923 1446 4980 est,
1471 4914 1561 4969 locum
1586 4914 1690 4969 habere
1715 4915 1835 4986 possint,
1858 4916 1940 4970 valde
1957 4916 2132 4976 dubitamus:

437 5015 488 5067 pro
507 4999 578 5054 reris
599 4996 742 5069 approbet,
760 5012 851 5066 neque
870 4996 990 5065 possita
1010 4997 1163 5050 libidinosis
1182 4997 1270 5068 operi·
1298 5004 1331 5058 In
1359 5002 1412 5057 hoc
1438 5002 1498 5071 ipso
1515 5000 1575 5054 loco
1593 5000 1702 5055 confert
1719 5001 1892 5072 Augustinus
1910 5001 2029 5072 primum
2047 5009 2075 5059 et
2091 5022 2133 5060 se·

437 5082 490 5137 bus
523 5089 694 5155 temperare,
729 5082 866 5154 quomodo
897 5082 974 5136 Deus
1009 5100 1064 5137 non
1094 5083 1146 5137 erit
1176 5092 1272 5138 auctor
1299 5088 1420 5143 cundum
1439 5087 1593 5154 Adamum,
1621 5086 1673 5141 hoc
1693 5094 1747 5154 eet,
1773 5085 1925 5154 Christum,
1954 5094 2037 5160 atque
2056 5090 2133 5147 hunc

439 5171 565 5239 peccati?
1299 5174 1367 5228 dicit
1384 5173 1480 5241 majori
1493 5172 1546 5226 Dei
1565 5173 1657 5244 gratia
1675 5173 1712 5227 ad
1734 5173 1809 5228 hune
1820 5173 2001 5229 beatitudinis
2012 5178 2133 5247 gradm

407 5297 413 5309 .
476 5261 515 5309 10.
550 5262 574 5311 t.
610 5257 668 5313 Leo
691 5275 770 5312 serm.
799 5262 838 5311 13.
866 5255 901 5310 (11
927 5271 999 5325 pass.
1026 5255 1106 5311 Dom.
1129 5261 1210 5309 vocat
1231 5257 1272 5309 in·
1299 5259 1336 5314 nb
1358 5258 1436 5312 initio
1461 5256 1522 5321 illo,
1548 5275 1603 5330 quo
1626 5258 1707 5313 homo
1728 5275 1787 5314 esse
1807 5260 1911 5329 eoepit,
1936 5270 2076 5331 ereetum,
2101 5271 2133 5319 ut

440 5342 597 5394 nocentiam
615 5344 706 5411 primi
727 5344 846 5397 hominis
867 5344 1034 5396 naturalem.
1075 5342 1186 5412 Excipit
1211 5343 1274 5397 Bel·
1298 5362 1354 5398 non
1371 5343 1493 5414 potuerit
1507 5360 1639 5413 peccare,
1662 5360 1695 5398 ex
1714 5362 1769 5415 qno
1788 5344 1958 5415 colligimus:
1993 5347 2132 5412 Quemad-

440 5427 587 5490 larminus‚
609 5430 707 5482 vocari
729 5430 900 5497 naturalem,
926 5431 994 5498 qnia
1018 5430 1054 5481 ab
1078 5428 1159 5480 initio
1177 5429 1273 5481 condi·
1300 5429 1410 5484 modurn
1433 5427 1502 5483 haec
1528 5428 1686 5484 innocentia
1705 5429 1759 5485 fuit
1775 5431 1908 5485 naturalis
1927 5440 2067 5491 assumtae
2083 5436 2132 5490 hu·

441 5514 525 5569 donia
551 5515 695 5583 cumipse
713 5518 953 5579 autoramento,
978 5524 1005 5567 et
1019 5532 1073 5584 per·
1092 5516 1205 5567 morium
1222 5533 1274 5567 na·
1300 5531 1396 5570 meuse
1413 5522 1529 5568 naturae
1546 5513 1657 5585 Christi,
1677 5518 1717 5569 ita
1734 5533 1845 5589 quoque
1867 5518 1915 5574 illa
1932 5519 2035 5574 Adami
2055 5522 2131 5578 inno·

404 5651 407 5655 .
440 5611 521 5656 turae
548 5602 578 5654 in
602 5609 732 5670 parterm
758 5606 860 5670 fnisset
885 5603 1087 5675 propaganda,
1114 5617 1169 5669 quo
1192 5617 1274 5654 sensu
1299 5601 1404 5669 centia,
1422 5616 1494 5673 quae
1514 5601 1625 5655 minoris
1643 5602 1747 5674 gradus
1765 5611 1819 5674 est,
1838 5606 1973 5659 naturalis
1990 5607 2045 5677 ipsi
2061 5609 2130 5664 fuit:

436 5696 583 5758 peccatum
610 5687 749 5755 originale
781 5692 863 5745 etiam
895 5690 1001 5744 dr'cr'tnr
1029 5687 1167 5740 naturale.
1220 5686 1273 5741 Re·
1299 5706 1365 5743 num
1390 5695 1418 5743 et
1440 5688 1469 5741 in
1486 5686 1596 5742 Christo
1620 5688 1755 5760 fingemus
1777 5691 1833 5746 tale
1857 5696 2067 5762 supernaturale
2084 5697 2131 5751 do

440 5775 623 5846 spondemus:
659 5772 710 5827 hac
745 5774 851 5830 11111111
886 5775 964 5830 nulla
996 5772 1216 5842 relinquerentur
1244 5773 1273 5829 in
1299 5794 1379 5845 num,
1410 5792 1465 5847 qno
1495 5774 1609 5831 rebellio
1639 5775 1669 5829 in
1696 5775 1825 5832 membris
1852 5778 2018 5835 delitescens
2048 5781 2132 5838 fuerit

440 5860 551 5916 Adamo
579 5859 803 5932 supernaturalia
831 5859 918 5929 dona,
946 5860 989 5924 id,
1020 5858 1095 5931 quod
1122 5858 1182 5930 ipse
1209 5858 1421 5929 Bel-,coimita
1437 5877 1471 5916 aa
1488 5861 1631 5932 repressa?
1648 5860 1728 5919 absit.
