5017 6675
442 543 505 609 'et
882 577 885 581 ·
1148 537 1271 596 Locus
1290 536 1477 596 summus

463 694 599 764 vandum,
626 693 702 766 quod
719 693 846 750 Piscator
873 694 902 748 in
922 694 1025 764 duput.
1045 694 1081 748 de
1098 693 1296 765 praedestinat
1323 710 1393 757 mea,
1414 694 1528 747 diem:
1548 693 1610 760 pasis
1627 700 1657 745 tu
1674 710 1716 761 ae,
1738 699 1788 746 out
1807 701 1914 763 punto
1931 701 1972 749 sat
1989 695 2044 749 itta
2059 696 2164 766 ples-ia

461 782 537 836 cirea
559 780 643 835 finem
663 780 704 833 ita
716 780 799 850 jubet
816 780 990 835 concludere.
1028 780 1134 833 Θναιια
1154 780 1213 834 Dei
1229 797 1296 832 non·
1323 778 1484 847 autquibtss
1497 779 1603 831 ιιιιιιιι
1615 779 1687 832 bunc
1704 780 1828 832 obtinere
1839 783 1961 848 spereat
1981 789 2007 834 et
2023 799 2073 849 epo
2085 783 2164 851 fidu·

461 868 549 921 nullia
578 869 693 936 offertur
725 867 820 919 animo
853 867 1078 919 communicandi
1084 885 1093 919 .·
1122 868 1202 934 Erpa
1229 867 1298 934 fieri
1323 864 1434 917 cialiter
1452 865 1639 933 respondebo:
1662 865 1728 919 Seio
1744 866 1792 918 eui
1808 866 1926 932 madidi,
1946 873 1972 920 et
1985 875 2077 920 certus
2094 885 2165 932 ιιιιι,

457 961 562 1023 potest,
587 961 619 1004 ιιι
641 969 691 1020 epo
714 953 767 1005 aim
792 953 822 1003 in
841 952 893 1005 ibbo
911 969 1032 1006 numero.
1067 952 1108 1006 At
1131 953 1194 1006 talis
1212 950 1298 1022 syllo·
1323 950 1391 1019 quia
1420 951 1450 1003 in
1474 951 1593 1004 ιαιιιαιι
1618 951 1706 1005 nimia
1730 953 1878 1020 adoptavit
1895 970 1955 1017 ma‚·
1983 954 2050 1021 quta
2076 970 2164 1009 υιιαι

461 1039 566 1110 gismus
589 1037 659 1091 nihil
687 1036 846 1103 concludet,
871 1055 935 1091 cum
961 1037 997 1092 sit
1023 1055 1056 1092 ex
1073 1038 1155 1091 meris
1173 1038 1295 1106 particu-
1323 1044 1364 1088 eat
1378 1036 1409 1088 in
1422 1037 1626 1105 promissione,-
1644 1037 1712 1105 quia
1724 1046 1826 1106 potens
1838 1039 1868 1091 in
1885 1039 2060 1092 eelsibitioae.
2082 1038 2163 1095 Haec

460 1125 574 1180 laribus.
620 1124 698 1178 Idem
726 1124 764 1178 th.
791 1128 837 1179 ιιι
867 1124 1060 1192 Reproborum
1087 1124 1190 1176 animis
1215 1123 1296 1176 astla
1317 1121 1422 1178 Bernh.
1442 1121 1503 1176 Hoc
1521 1139 1587 1193 ergo
1610 1127 1658 1185 est,
1679 1123 1754 1192 quod
1773 1122 1905 1192 dicimus,
1925 1141 1988 1178 eum
2007 1126 2056 1195 qui
2072 1132 2163 1182 tenta·

461 1212 616 1265 consolatio
641 1211 780 1263 instillari
802 1218 910 1279 potest,
937 1211 1005 1279 prtia
1029 1209 1078 1262 itti
1101 1226 1158 1262 non
1178 1217 1297 1278 poseant
1321 1212 1368 1260 tur
1393 1207 1428 1262 de
1451 1208 1656 1277 perseverantia
1681 1226 1736 1263 non
1753 1225 1835 1279 posse
1852 1207 1933 1264 firma
1952 1210 2048 1281 aliqua
2065 1228 2163 1267 conso·
2195 1252 2198 1257 -

461 1299 575 1351 medere
593 1297 744 1363 epanpelio
1322 1293 1424 1346 latione
1449 1293 1518 1363 erigi
1541 1292 1577 1347 ab
1601 1293 1671 1357 illis,
1699 1293 1747 1365 qui
1770 1294 1924 1349 defendunt
1941 1295 2102 1352 absolutum
2118 1313 2162 1351 re·

334 1396 382 1435 usn
383 1396 441 1435 ιιιιο
499 1388 554 1437 183.
599 1382 641 1438 Sit
671 1381 741 1434 alius
774 1380 925 1451 quispiam,
957 1379 1006 1452 qui
1034 1378 1207 1433 conflictatur
1231 1394 1295 1431 cunr
1321 1378 1492 1448 probationis
1517 1379 1665 1435 decretum.
1708 1379 1737 1435 si
1763 1380 1836 1434 enim
1862 1380 1972 1449 dicant,
2003 1382 2082 1450 illos,
2112 1383 2162 1482 qui

335 1448 376 1537 ἒξ,
378 1457 444 1537 ξξυζ.
460 1468 612 1523 tentatione
638 1468 672 1521 de
700 1468 920 1537 perseverantia,
947 1484 983 1520 au
1006 1466 1112 1520 seilicet
1138 1481 1295 1535 persevera·
1322 1481 1387 1518 vera
1403 1463 1459 1518 lide
1477 1465 1576 1520 imbuti
1591 1473 1663 1532 sunt,
1681 1482 1736 1519 nou
1754 1467 1940 1536 posseperire,
1959 1474 2009 1522 aut
2022 1485 2056 1522 ex
2073 1469 2161 1524 maui-

334 1549 373 1589 “2
461 1560 539 1608 turus
566 1554 602 1607 sit
628 1571 716 1624 usque
742 1553 771 1607 in
792 1553 896 1608 finem?
923 1551 1084 1606 Adversarii
1108 1567 1171 1604 eurn
1195 1550 1295 1605 iterum
1322 1550 1373 1604 bus
1387 1550 1454 1605 DEI
1467 1551 1550 1620 eripi;
1568 1552 1748 1621 respondebit
1764 1552 1845 1606 homo
1856 1557 1989 1616 tentatus
2006 1555 2081 1610 unde
2099 1555 2159 1611 scio

461 1640 599 1694 deducent
627 1640 665 1694 ad
696 1656 807 1693 sensum
836 1638 914 1693 fidei:
950 1637 1000 1706 qui
1027 1654 1096 1689 vera
1121 1639 1179 1701 fide
1209 1637 1294 1689 semet
1321 1636 1387 1688 mihi
1406 1636 1536 1690 donatam
1553 1636 1628 1690 illam
1644 1653 1738 1691 veram
1758 1639 1907 1693 electorum
1924 1638 2028 1695 fidem?
2069 1637 2160 1706 Quae·

459 1733 501 1780 ert
525 1725 718 1793 illuminatio,
745 1725 828 1778 ittam
853 1725 950 1777 dieunt
975 1741 1032 1776 non
1055 1739 1140 1791 posse
1168 1723 1295 1775 accidere
1321 1737 1431 1793 cunque
1453 1722 1519 1776 fidei
1537 1722 1617 1793 signa
1636 1722 1689 1792 ipsi
1709 1723 1844 1793 proferes,
1870 1725 1997 1780 ostendet
2021 1743 2056 1781 ea
2074 1728 2161 1782 etiam

456 1813 552 1880 pratia
572 1810 638 1865 Dei.
667 1810 722 1867 Sed
741 1810 816 1881 quid,
836 1809 860 1862 si
878 1809 940 1879 quis
959 1808 1075 1876 dubitet,
1097 1807 1219 1861 antidea
1237 1808 1294 1874 illa,
1322 1808 1433 1875 inillis,
1458 1808 1506 1879 qui
1520 1808 1632 1863 tandem
1648 1809 1803 1879 perierunt,
1823 1815 1852 1865 et
1867 1827 1918 1879 per
1934 1826 2106 1882 consequens
2126 1832 2160 1886 ex
2186 1817 2192 1825 '

458 1914 542 1969 quam
560 1897 588 1951 in
606 1912 668 1951 sese
687 1895 778 1964 sentit,
798 1895 835 1949 sit
851 1910 918 1948 vera
931 1894 1082 1964 electorum
1100 1891 1188 1946 fides?
1208 1896 1295 1946 statu·
1322 1893 1543 1947 adversariorum
1561 1894 1698 1949 sententia
1714 1912 1808 1951 veram
1826 1894 1910 1950 fidem
1929 1895 2083 1952 electorum·
2097 1916 2160 1968 pro·

457 1987 509 2038 unt
527 1982 601 2038 enim
618 1982 745 2037 absolute
763 1980 918 2051 reprobatis
937 1997 993 2034 non
1012 1978 1073 2032 dari
1089 1994 1183 2032 veram
1199 1977 1295 2033 fidem:
1321 1978 1410 2048 priam
1433 1997 1487 2033 non
1512 1979 1676 2034 habueruut.
1713 1979 1759 2036 Sic
1783 1997 1849 2051 ergo
1869 1981 2002 2051 procedet
2019 1988 2160 2038 tentatus:

458 2069 574 2139 Semper
586 2067 672 2140 igitur
685 2066 814 2121 dubitare
825 2065 887 2136 quis
901 2064 1019 2135 cogitur,
1040 2063 1125 2117 ausit
1140 2064 1169 2116 in
1181 2079 1295 2117 numero
1321 2063 1362 2117 illi
1379 2063 1537 2119 habueruut
1555 2065 1650 2119 omnia
1668 2064 1722 2118 ista
1739 2064 1825 2143 signa⁸
1837 2072 1866 2121 ιι
1882 2066 1981 2122 effecta
1992 2067 2067 2138 fidei,
2086 2086 2160 2140 quae

456 2154 573 2209 istorum
590 2153 717 2208 absolute
735 2153 891 2208 electorum
918 2152 1016 2221 Neque
1029 2148 1073 2203 hic
1088 2154 1181 2218 potest
1192 2150 1295 2204 recurri
1321 2149 1350 2203 iu
1366 2166 1411 2203 me
1428 2150 1613 2220 deprehendo,
1635 2158 1663 2206 ιι
1679 2158 1772 2206 tamen
1791 2158 1888 2222 postea
1904 2153 2058 2222 perierunt,
2084 2155 2160 2212 soili-

457 2241 494 2295 ad
519 2238 619 2294 effecta
641 2236 724 2308 fidei,
752 2237 831 2309 quasi
856 2254 889 2292 ex
914 2235 970 2289 illis
993 2236 1055 2306 quis
1079 2241 1155 2289 certo
1174 2240 1295 2289 statuere
1322 2240 1367 2291 cet
1378 2235 1505 2290 absoluto
1517 2235 1698 2306 quodamDei
1710 2235 1933 2307 decretorejecti
1953 2238 2029 2310 Ergo
2040 2256 2092 2295 nec
2104 2257 2159 2312 ego

457 2325 558 2399 possit,
576 2341 607 2379 ss
623 2323 726 2379 habere
742 2323 820 2377 illam
837 2323 987 2377 electorum
1003 2320 1101 2389 fidem3
1120 2321 1186 2392 quia
1202 2321 1296 2375 omnia
1321 2326 1412 2375 certus
1431 2338 1491 2376 esse
1503 2339 1615 2392 possum
1629 2341 1661 2378 ex
1673 2321 1739 2378 fidei
1755 2340 1846 2390 sensu,
1864 2340 1908 2379 me
1922 2341 1982 2379 esse
1994 2342 2028 2380 ex
2044 2342 2160 2383 numero

457 2410 506 2466 ille
522 2410 553 2465 in
569 2409 694 2479 reprobis
714 2409 879 2480 quandoque
899 2409 990 2462 locum
1007 2405 1110 2461 habere
1126 2406 1232 2473 dicunt,
1253 2424 1294 2461 se·
1320 2407 1448 2462 absoluto
1475 2408 1641 2477 electorum,
1667 2415 1717 2463 aut
1738 2416 1986 2479 perseveraturum.
2021 2411 2096 2477 Quid
2113 2412 2159 2466 hie

363 2542 370 2556 .
425 2496 580 2555 .-cundum
603 2495 726 2566 ipsorum
744 2493 923 2564 reproborum
946 2502 975 2548 ιι
992 2492 1109 2547 aliorum
1127 2492 1293 2563 opinionem.
1320 2493 1561 2565 respondendnm?
1586 2495 1643 2550 Nos
1662 2494 1778 2549 dicimus
1791 2497 1882 2551 Deum
1901 2512 1934 2551 ex
1954 2513 1984 2552 se
2001 2503 2030 2552 ιι
2047 2498 2159 2554 (ιιιιιιο

413 2584 415 2586 ’
457 2582 638 2639 Declmmnus
654 2598 713 2637 rem
732 2580 865 2650 exemplo.
902 2578 1019 2650 Leprosi
1039 2595 1057 2632 a
1074 2577 1184 2633 Christo
1204 2577 1294 2632 sanati
1320 2580 1440 2648 quodam
1458 2579 1585 2635 absoluto
1602 2598 1660 2635 non
1677 2582 1797 2650 moveri,
1817 2589 1849 2637 ut
1867 2584 2002 2654 quosdam
2018 2600 2084 2638 vera
2102 2583 2158 2640 lide

456 2670 630 2738 (Luc.1't,v.
646 2671 696 2734 14.)
712 2667 865 2721 secundum
877 2665 1041 2720 sententiam
1051 2664 1160 2719 Caluini
1173 2664 1203 2717 iu
1214 2662 1294 2716 Com·
1320 2665 1459 2733 praeditos
1475 2666 1597 2721 vicissim
1613 2667 1723 2722 deseret
1734 2674 1762 2722 st
1778 2668 1869 2737 perire
1886 2668 1974 2724 sinat:
1995 2669 2062 2740 quia
2079 2672 2158 2725 dono

455 2761 540 2810 ment.
566 2771 623 2809 non
646 2753 917 2807 habueruntreram
935 2756 964 2804 et
982 2749 1075 2804 vivam
1091 2746 1175 2804 fidem
1193 2749 1293 2804 electo·
1319 2751 1383 2818 ejus
1406 2760 1470 2805 eunt
1489 2750 1690 2824 ἀμεταμέλητα.
1724 2753 1803 2808 Bam.
1829 2759 1872 2820 11,
1894 2770 1919 2807 v.
1940 2760 1981 2810 29.
2015 2754 2071 2810 Sed
2096 2755 2158 2826 qui·

455 2859 517 2896 rum
534 2840 682 2911 propriam.
714 2837 788 2902 Quid
805 2854 870 2892 vero
887 2836 917 2890 in
933 2844 982 2890 tua
998 2836 1054 2890 fide
1071 2835 1138 2888 mihi
1156 2833 1292 2901 ostendet,
1319 2853 1429 2907 cunque
1448 2854 1513 2892 vera
1531 2837 1587 2893 fide
1604 2838 1723 2908 praediti
1740 2843 1839 2908 postea
1854 2839 1976 2895 vicissim
1993 2839 2085 2911 gratia
2100 2841 2158 2895 Dei

455 2927 530 2998 quod
544 2925 637 2979 nonin
654 2925 769 2980 istomm
781 2923 837 2977 fide
851 2923 996 2978 ostendere
1010 2921 1131 2992 possim?
1142 2920 1293 2991 exprimam
1319 2922 1464 2989 excidunt,
1486 2923 1548 2977 illos
1565 2924 1678 2994 propria
1693 2923 1788 2994 culpa,
1807 2941 1863 2979 non
1878 2930 1971 2979 autem
1989 2925 2157 2982 necessitate

453 3013 484 3067 id
501 3010 593 3067 verbis
612 3010 734 3065 Calvini:
753 3011 890 3080 Apparet,
910 3009 1025 3079 (inquit)
1043 3024 1136 3062 omnes
1152 3009 1210 3070 fids
1223 3024 1292 3074 qua-
1319 3004 1439 3061 absoluti
1458 3009 1604 3077 cujusdem
1623 3009 1726 3064 decreti
1743 3009 1846 3078 perire,
1867 3009 1933 3080 quia
1947 3009 2055 3064 seilicet
2068 3011 2156 3066 libera

454 3098 521 3152 dam
545 3096 663 3165 (scilieet
685 3095 846 3165 temporali,
865 3113 921 3149 non
939 3101 1031 3149 autem
1048 3111 1126 3157 vers,
1145 3099 1177 3146 ut
1195 3099 1293 3162 postea
1318 3092 1461 3147 voluntate
1479 3110 1508 3148 se
1520 3093 1608 3149 aDeo
1622 3100 1786 3149 averterunt
1804 3094 1941 3149 Breviter:
1955 3095 2153 3149 causamillius

453 3182 583 3254 explicat)
596 3182 692 3248 fciam
704 3182 831 3242 imbutor,
850 3199 906 3234 aon
916 3182 1007 3235 solum
1018 3181 1085 3248 quia
1095 3178 1201 3232 Cbrsati
1211 3195 1292 3247 opem
1316 3178 1466 3232 aversionis
1495 3183 1524 3234 et
1545 3178 1635 3233 finalis
1659 3179 1785 3235 interitus
1815 3179 1970 3250 quaerimus
1993 3181 2155 3253 inproprie

452 3268 620 3339 implorant,
638 3268 690 3320 aed
702 3265 1168 3334 mepiatritituloeuminsipniunt.
1198 3265 1290 3318 Porro
1317 3263 1459 3318 hominum
1484 3264 1641 3320 voluntate:
1679 3264 1830 3321 adversarii
1854 3266 1993 3322 reducunt
2022 3283 2084 3322 eam
2115 3267 2153 3323 ad

453 3374 486 3410 en
504 3356 613 3424 αιιιιο,
635 3372 692 3408 non
708 3355 770 3418 ficte
787 3354 830 3405 aie
846 3353 953 3406 ιοιιιοι
969 3368 1040 3419 esee,
1064 3369 1097 3404 ee
1109 3359 1225 3420 promta
1246 3368 1290 3403 eo-
1316 3350 1474 3404 absolutum
1495 3351 1636 3423 quoddam
1651 3350 1718 3405 DEI
1737 3352 1896 3420 decretum,
1912 3369 1947 3407 ao
1965 3352 2081 3422 proinde
2095 3371 2153 3411 non

452 3460 514 3494 mm
529 3441 686 3494 obedientia
697 3437 1069 3507 callipitur,quamvisenim
1082 3437 1223 3498 foetidam
1237 3438 1289 3489 ad·
1316 3441 1433 3505 possunt
1452 3435 1531 3491 firma
1548 3436 1735 3492 consolatione
1755 3437 1862 3507 erigere
1879 3454 1951 3506 eum,
1971 3438 2019 3510 qui
2037 3438 2074 3494 de
2088 3456 2151 3510 per·

452 3528 505 3580 bac
524 3526 674 3580 scabiem
662 3544 692 3578 sn
707 3541 793 3578 carne
809 3542 862 3577 aaa
878 3523 1073 3592 conspicient:
1093 3522 1178 3574 ιιιιιιι
1188 3531 1288 3591 tamen,
1315 3522 1470 3577 severantia
1490 3528 1621 3577 tentatur.

452 3629 487 3666 ue
500 3614 579 3681 jussi
595 3621 658 3665 aunt
676 3630 706 3665 ac
725 3613 872 3665 ostendere
889 3608 1081 3663 sacerdotibus
1089 3625 1216 3676 ,parere
1231 3627 1289 3661 uon
1353 3614 1409 3664 185.
1445 3607 1643 3663 Concludinrus
1661 3623 1735 3677 ergo,
1755 3609 1829 3678 quod
1847 3607 1975 3663 absoluto
1994 3609 2040 3663 isti
2058 3626 2202 3719 repro-u¹
2166 3616 2202 3659 os

451 3700 612 3751 ‹tetrectant
642 3698 737 3766 Adde,
755 3700 832 3767 quod
848 3714 989 3764 nunquam
1007 3696 1063 3748 nias
1059 3694 1149 3763 fidei
1164 3696 1288 3763 imputes
1315 3693 1434 3748 bationis
1458 3695 1570 3748 decreto
1594 3710 1732 3764 opponere
1760 3693 1909 3750 debeamus
1933 3678 2202 3762 misericordiane„

447 3784 575 3853 profeci
592 3793 680 3843 essent
706 3786 748 3836 act
772 3786 933 3836 sacerdotes
957 3788 1007 3837 etc.
1045 3780 1122 3835 Haeo
1148 3780 1288 3835 Calvinus.
1313 3780 1377 3846 Dei,
1397 3780 1445 3851 qui
1461 3797 1518 3833 non
1532 3769 1825 3851 rultaliquosperire:
1846 3779 2064 3838 satisfactionem
2074 3783 2202 3864 Chri-m
2165 3779 2202 3813 ⁰⁰¹

450 3867 578 3924 Vides
556 3886 637 3940 signs
649 3868 713 3923 fider
726 3869 793 3922 satis
804 3885 968 3937 conspicua
988 3867 1153 3937 confugiunt
1164 3866 1199 3920 ad
1209 3866 1287 3920 Chn
1313 3865 1349 3918 sti
1372 3882 1422 3934 pro
1446 3871 1504 3920 toto
1530 3882 1631 3936 genere
1657 3859 1779 3921 humano
1806 3866 1980 3935 praestitam:
2011 3867 2202 3966 lacrymasen
2164 3877 2202 3914 ιιι

450 3962 538 4021 stum,
564 3970 645 4023 opem
662 3954 751 4023 ipsius
769 3953 924 4023 implorant,
945 3953 1013 4006 certi
1033 3959 1105 4017 sunt,
1125 3958 1154 4007 et
1170 3952 1241 4005 velle
1258 3959 1287 4005 et
1313 3950 1430 4019 Christi,
1456 3950 1557 4022 quibus
1581 3956 1752 4006 testatores
1777 3968 1833 4005 uon
1852 3952 1982 4007 delectari
2006 3935 2202 4010 hominumm

449 4055 531 4110 posse
555 4040 647 4109 ipsum
664 4040 803 4107 auxiliari,
832 4045 959 4107 prompte
979 4037 1113 4092 obediunt
1129 4038 1189 4107 ejus
1206 4053 1286 4106 prae·
1312 4037 1439 4104 interitu,
1462 4039 1652 4108 jurameutum
1669 4037 1754 4106 DEI,
1782 4037 2004 4109 quocoufirmat
2026 4040 2151 4098 seualle

333 4171 337 4183 .
423 4120 426 4125 ’
449 4132 545 4196 cepto:
573 4132 713 4180 ettamen
732 4124 883 4178 seeundum
902 4123 1047 4177 Calvinum
1065 4139 1163 4177 novem
1180 4140 1213 4176 ex
1231 4124 1285 4177 illis
1312 4131 1427 4177 mortem
1438 4124 1592 4178 morientis:
1611 4122 1889 4193 ministeriumverbi,
1908 4142 1961 4194 quo
1974 4124 2151 4182 Deusetiam

448 4226 505 4264 nou
537 4209 694 4265 habuerunt
724 4225 816 4264 veram
842 4208 925 4263 fidem
956 4209 1104 4262 electorum
1135 4208 1283 4277 propriam.
1311 4209 1352 4262 illi
1371 4208 1453 4263 offert
1469 4226 1547 4265 suam
1566 4210 1685 4280 gratiam
1703 4217 1732 4264 et
1749 4208 1885 4265 beneficia
1903 4209 1981 4278 Filii,
2005 4212 2054 4281 qui
2070 4212 2150 4270 dam·

450 4295 518 4366 quid
535 4312 601 4350 vero
620 4294 688 4349 mihi
708 4295 837 4350 ostendes
854 4294 883 4347 in
902 4300 951 4347 tua
967 4292 1031 4361 lide,
1050 4294 1124 4365 quod
1145 4292 1216 4347 hanc
1236 4310 1284 4348 no·
1310 4300 1424 4347 nantum:
1452 4294 1570 4349 hominis
1595 4294 1773 4359 creationem,
1800 4296 1867 4367 quia
1888 4295 1918 4350 in
1935 4296 2046 4353 Adamo
2067 4297 2149 4354 Deus

447 4399 510 4437 vem
532 4383 704 4452 leprosorum
730 4380 812 4436 fidem
836 4379 997 4450 praecellat,
1024 4386 1053 4432 et
1073 4379 1237 4450 quomodo'
1224 4396 1285 4450 Jam
1311 4396 1405 4435 omues
1429 4379 1555 4434 condidit
1571 4380 1607 4434 ad
1625 4380 1708 4435 vitam
1728 4386 1881 4437 aeternam:
1905 4380 2023 4437 hominis
2040 4384 2147 4440 redem-
2162 4388 2201 4429 Ν

446 4467 483 4521 de
504 4468 638 4523 electione
657 4484 689 4521 ac
713 4467 748 4521 de
765 4465 970 4538 perseverantia
987 4482 1021 4519 ιι
1037 4464 1098 4520 solo
1117 4464 1181 4519 fidei
1201 4482 1283 4519 sensu
1310 4466 1433 4547 tionem,
1456 4465 1522 4537 quia
1544 4466 1646 4538 quod
1638 4485 1667 4520 ιιι
1683 4466 1793 4521 Adamo
1810 4467 1908 4538 periit,
1935 4484 1986 4538 per
2006 4461 2149 4526 Christum

447 4553 552 4625 poteria
571 4570 631 4608 esse
648 4559 750 4609 certus
1309 4551 1409 4606 iterum
1427 4560 1470 4607 ιιι
1492 4552 1662 4607 restitutum:
1689 4552 1744 4607 Dei
1764 4552 1949 4619 vocationem,
1975 4570 2032 4625 qua
2048 4572 2151 4612 manua

483 4644 540 4695 184.
576 4638 634 4693 Νοι
656 4654 722 4694 vcro
746 4644 881 4692 tentatum
903 4635 1042 4691 hominem
1067 4634 1228 4689 deducimus
1246 4636 1282 4690 ad
1310 4655 1374 4692 suaa
1392 4636 1527 4709 expandit
1552 4643 1613 4693 tota
1641 4636 1686 4694 die
1710 4638 1746 4692 ad
1762 4638 1895 4709 populum
1913 4638 1996 4695 etiam
2017 4639 2149 4698 incredu-

445 4724 555 4780 dirinas
580 4724 787 4795 promissiones,
815 4730 844 4777 et
868 4722 1028 4793 jubemus
1020 4740 1050 4775 m
1073 4721 1224 4777 tentatione
1247 4722 1282 4775 de
1309 4725 1378 4778 lum:
1407 4709 1608 4821 baptismum,
1619 4738 1675 4794 quo
1703 4731 1850 4795 regenerat
1873 4730 1903 4781 et
1924 4732 2040 4782 renovat
2059 4728 2150 4784 etiarn

444 4810 651 4883 perseverantia
674 4827 737 4865 eum
758 4809 809 4863 niti
831 4808 875 4862 his
892 4807 982 4862 tribus
1000 4806 1141 4861 columnis.
1182 4812 1204 4862 1.
1227 4806 1282 4862 Dei
1307 4810 1383 4873 illos,
1410 4809 1458 4880 qui
1475 4814 1573 4879 postea
1590 4809 1704 4880 propria
1719 4809 1804 4880 arripe
1822 4812 2038 4883 regenerationis
2056 4820 2087 4870 ιι
2103 4831 2148 4871 re-

445 4896 652 4967 omnipotentia.
672 4902 695 4950 2.
714 4896 785 4951 Tim.
806 4900 834 4962 1,
851 4912 876 4947 v.
894 4899 938 4948 12:
967 4893 1032 4947 Scio
1048 4893 1095 4946 cui
1112 4894 1237 4962 credidi,
1256 4901 1282 4947 ιι
1307 4895 1462 4950 novationis
1488 4895 1580 4965 gratia
1605 4896 1736 4950 excidunt
1756 4904 1840 4967 atque
1863 4904 1986 4969 pereunt
2028 4899 2148 4957 Sacram

444 4990 536 5037 emus
552 5001 628 5051 sum,
649 4983 726 5051 quod
743 4982 769 5034 is
784 4980 876 5050 possit
891 4997 980 5033 meum
998 4979 1155 5046 depositum
1172 4997 1280 5033 conaer-
1306 4997 1435 5049 coenam,
1458 4980 1487 5035 in
1514 4997 1570 5051 qua
1595 4980 1722 5035 Christus
1740 4979 1825 5046 etiam
1844 4982 1966 5055 indignis
1982 4984 2066 5040 offert
2084 5004 2147 5043 eor·

443 5083 511 5121 aare
530 5083 616 5137 sape
633 5068 675 5121 ad
691 5068 765 5120 diem
781 5066 870 5119 iilam.
902 5070 926 5119 2.
945 5063 1000 5119 Dei
1017 5064 1156 5120 fidelitate
1180 5071 1201 5120 1.
1217 5065 1279 5121 Cor.
1306 5084 1358 5137 pus
1384 5083 1465 5120 suum
1493 5065 1718 5122 manducandum
1741 5070 1939 5138 propeccatis
1965 5070 2090 5141 ipsorum
2113 5073 2148 5128 in

440 5158 492 5208 r101
521 5154 631 5207 Fidelis
648 5161 687 5206 set
705 5155 796 5219 Deua,
819 5152 870 5221 qui
886 5169 943 5212 non
961 5152 1031 5203 sinet
1048 5169 1096 5204 vos
1113 5152 1218 5205 tentori
1233 5171 1279 5205 su·
1305 5158 1420 5206 ιιιοιιιιιι
1444 5152 1577 5206 traditum
1603 5157 1631 5206 et
1656 5154 1819 5225 sanguinem
1843 5171 1924 5210 suum
1943 5174 1993 5226 pro
2018 5159 2147 5228 peccatis

440 5255 499 5307 pra
519 5238 601 5293 vires.
639 5244 663 5293 3.
691 5237 745 5312 Dei
767 5238 842 5291 bona
858 5237 1010 5289 voluntate.
1041 5235 1114 5290 Phil
1132 5242 1161 5301 2,
1187 5254 1214 5289 ι.
1233 5242 1278 5292 13:
1305 5238 1426 5306 ipsorum
1445 5235 1577 5291 effusum:
1598 5236 1718 5309 denique
1735 5256 1829 5296 omnes
1844 5257 1948 5311 poenas
1966 5245 2146 5318 temporales,

444 5326 525 5378 Deus
548 5333 602 5393 est,
630 5324 682 5395 qui
703 5332 838 5393 operatur
856 5324 886 5374 ιιι
905 5322 984 5375 nobis
1008 5322 1078 5376 velle
1102 5330 1128 5375 et
1143 5323 1279 5391 perficere
1305 5322 1406 5392 quibus
1427 5322 1504 5377 Deus
1533 5329 1693 5392 peccatores
1721 5326 1757 5379 ad
1785 5326 1985 5395 poenitentiam
2009 5344 2147 5390 revooare

428 5426 498 5479 pro
516 5428 568 5463 arsa
587 5411 659 5464 bona
675 5410 825 5462 ιοιιιιιαιι.
860 5408 922 5473 Quo
937 5406 1058 5477 pertinet
1073 5406 1277 5503 pulcherrimus
1304 5409 1389 5478 cupit,
1411 5413 1495 5478 atque
1512 5425 1567 5463 uno
1584 5409 1669 5465 verbo
1688 5416 1777 5466 totum
1794 5412 2040 5470 Christianismum.
2083 5463 2088 5473 .

442 5494 778 5550 locusBernhardrserm
797 5499 820 5549 3.
838 5494 874 5548 de
891 5491 1107 5563 fragminis:
1130 5492 1278 5547 Trisson
1341 5499 1397 5550 186.
1424 5494 1575 5549 Videamus
1594 5513 1680 5551 unum
1697 5503 1780 5569 atque
1800 5498 1916 5554 alterum
1934 5506 2145 5573 argumentum,

441 5581 589 5648 sidero,
576 5600 607 5634 sn
634 5582 734 5649 quibua
761 5588 820 5632 tota
843 5595 906 5632 mea
924 5594 987 5647 spes
1006 5579 1148 5646 consec,-
1173 5580 1276 5633 cerita·
1303 5594 1358 5650 quo
1370 5580 1526 5634 absolutam
1543 5581 1764 5650 reprobationem
1778 5582 1903 5640 stabilire
1920 5584 2046 5656 cupiunt.
2068 5590 2148 5648 1.Si

441 5673 496 5719 tem
518 5666 693 5734 αάοριιοιιιι,
718 5665 862 5718 omimium
875 5663 1086 5733 pomorano,
1107 5670 1275 5731 potestatem
1298 5673 1418 5735 peccata
1445 5674 1535 5721 ιιιιιιι
1558 5684 1648 5723 cauea
1669 5669 1889 5739 reprobationis,
1914 5672 2010 5727 ιιιιιιιι
2027 5665 2202 5756 alama*

440 5752 620 5810 reddideras
649 5748 838 5806 Murmura
823 5768 893 5821 pam,
911 5755 1045 5819 φιαιιιιιιι
1057 5748 1131 5805 votet
1142 5750 1275 5820 captatio
1303 5758 1382 5821 esset
1398 5753 1553 5810 cumDecs
1567 5770 1661 5812 omnes
1677 5754 1971 5829 ιιιιιιιιιιιιιαιοιιι
1982 5772 2143 5831 eseeproo·
