5017 6675
920 525 927 540 ·
991 453 1044 510 DE
1060 449 1234 510 PROCA'PO
1254 449 1465 510 omarum.
2014 466 2072 525 165

381 612 518 684 justitias
533 609 685 678 oriqiualis
702 609 813 664 debita
827 610 925 676 mure,
943 611 974 664 iu
992 626 1047 679 quo
1064 617 1156 663 tamem
1175 621 1218 659 ee·
1246 604 1314 660 litae
1323 609 1457 679 positiva,
1469 616 1616 679 peceatum
1628 617 1720 665 andem
1731 610 1919 665 habituaiesit
1931 611 2074 682 priuatim

381 699 526 769 plicando
554 713 610 750 acu
641 697 816 765 conueniunt,
844 698 918 750 uude
949 697 1070 767 quiaque
1094 696 1218 764 ipsorum
1244 694 1322 760 quod
1343 695 1454 748 habitus
1475 696 1628 767 acquisitus
1651 715 1708 751 moa
1727 696 1820 766 possit
1836 697 1901 752 tolli
1917 714 1973 767 per
1989 716 2074 752 uuum

385 787 495 839 classes
513 783 708 837 Bellarmimus
724 783 880 852 oouetituit,
904 788 933 839 et
948 789 1045 852 postea
1063 797 1142 836 auam
1159 797 1218 836 aen-
1244 786 1335 833 actum
1350 781 1511 852 calculatio,
1528 784 1654 853 qrtamoia
1670 783 1911 851 efficacissimum,-
1926 792 2073 853 peccatum

384 871 503 927 tentiam
531 869 566 926 de
589 875 689 923 natura
715 868 824 939 peccati
850 868 993 940 originalis
1020 867 1141 932 subjicit.
1184 867 1219 922 Si
1244 872 1335 919 autem
1362 866 1504 922 habituale
1533 887 1588 922 uma
1617 877 1682 923 actu
1704 869 1839 923 tollatur:
1867 871 1944 938 quod
1962 869 2074 924 habitus

382 965 530 1030 peccatum
562 974 618 1026 pro
648 957 758 1011 actione
787 975 848 1011 cum
883 957 944 1025 leqe
971 963 1114 1026 paquaute
1145 954 1217 1008 acci-
1244 953 1398 1021 acquisitus
1420 954 1514 1023 pascit
1539 972 1598 1009 ease
1623 975 1684 1009 cum
1710 964 1773 1009 actu
1799 955 1940 1009 contrario
1965 963 1991 1008 et
2013 972 2074 1008 cum

378 1047 499 1115 piatur,
526 1050 673 1113 peccatum
704 1043 843 1111 ariqimala
868 1051 909 1096 eet
927 1043 1025 1112 prima
1045 1041 1151 1096 Adumi
1175 1041 1216 1093 im·
1242 1038 1346 1108 qratia,
1360 1049 1505 1107 peccatam
1525 1048 1617 1093 autem
1636 1041 1778 1094 habitrsole
1795 1059 1851 1095 aaa
1864 1041 1973 1111 possia-
1996 1039 2073 1093 deui-

383 1130 546 1185 abedieatia
577 1129 614 1182 ab
641 1129 705 1199 apso
733 1129 895 1198 commatre,
928 1146 984 1182 mou
1016 1136 1047 1181 ut
1073 1135 1134 1181 erat
1161 1127 1217 1180 eiu·
1244 1140 1296 1192 que
1317 1128 1395 1193 quod
1411 1125 1521 1180 habitus
1539 1126 1691 1195 acquisitus
1706 1145 1762 1180 aaa
1778 1128 1943 1195 possitdici
1953 1126 2073 1197 proprie

381 1217 495 1286 qrtlaria
510 1232 645 1284 peream,
661 1216 714 1268 red
730 1223 760 1267 ut
772 1232 925 1285 pascuam
945 1215 1030 1268 totius
1043 1213 1154 1282 qaaerit
1167 1211 1215 1264 hu·
1242 1210 1502 1280 aelemosinarum
1513 1220 1625 1267 moueat
1636 1213 1666 1265 im
1678 1212 1823 1280 00010ρο0
1835 1212 1955 1281 aliquod
1966 1220 2073 1280 tempus

381 1304 463 1357 maai
478 1302 599 1372 qerebat.
638 1299 673 1354 Si
689 1318 754 1354 aero
768 1309 916 1370 peccatum
932 1300 1090 1370 accipiatur
1105 1316 1162 1368 pra
1175 1315 1216 1366 eo,
1242 1298 1478 1353 0011000000
1496 1301 1725 1371 repuqmoutibua
1747 1307 1895 1368 peccatum
1914 1308 2006 1352 autem
2022 1299 2072 1350 ha-

383 1391 464 1462 quod
479 1388 586 1442 residet
602 1387 633 1440 iu
650 1387 759 1441 herniae
772 1396 839 1457 poet
849 1388 991 1451 actionem,
1010 1387 1121 1440 duride
1141 1385 1215 1438 Mem
1243 1383 1346 1438 bituale
1369 1386 1407 1439 eit
1428 1388 1629 1455 voluntarium,
1654 1387 1722 1455 quia
1744 1404 1886 1439 manemus
1909 1387 1940 1438 iu
1954 1392 2072 1455 peccato
2110 1420 2113 1428 ·

383 1480 466 1533 homo
484 1493 541 1529 mou
557 1489 693 1543 peccam,
717 1476 769 1526 aed
781 1481 916 1542 peccator
933 1473 1101 1538 cominatur,
1115 1487 1215 1541 pecca·
1241 1470 1399 1526 voluntarie
1418 1481 1443 1526 et
1461 1475 1488 1527 si
1504 1475 1658 1542 efficaciter
1676 1474 1793 1528 velimus
1807 1491 1862 1527 mam
1878 1489 1998 1541 mouere,
2016 1489 2072 1525 mou

385 1573 443 1617 tam
472 1559 612 1629 ariqr'male
638 1566 680 1612 eat
696 1559 823 1612 carentia
843 1559 975 1628 justitiae
992 1557 1141 1626 ariqiualia
1158 1556 1215 1610 sice
1242 1574 1383 1611 monemus
1410 1559 1471 1625 (sed
1501 1560 1569 1631 quid
1594 1560 1643 1616 fiet
1665 1559 1801 1623 Thomas,
1825 1560 1872 1630 qui
1894 1565 1915 1614 1.
1936 1564 1959 1613 2.
1985 1576 2010 1629 q.
2030 1562 2072 1614 82.

383 1648 539 1704 habitualis
556 1645 666 1699 armaio
685 1652 712 1698 ct
735 1644 886 1713 obliquitas
903 1644 1069 1707 reluctatis,
1095 1661 1166 1713 quas
1190 1651 1216 1696 et
1241 1647 1292 1697 art.
1320 1650 1343 1702 1.
1365 1653 1447 1700 vocat
1471 1655 1632 1716 corruptum
1654 1632 1810 1712 habituml)
1849 1644 1979 1713 Denique
2001 1646 2072 1697 hauc

384 1735 499 1790 mmla
521 1738 638 1786 meatem
662 1731 748 1784 DEO
774 1730 893 1784 inuisam
923 1732 1046 1784 reddens
1072 1729 1216 1799 appellari
1242 1730 1412 1785 habitualem
1432 1733 1605 1786 aversionem
1623 1735 1693 1786 dicit
1714 1749 1746 1786 re
1771 1734 1845 1784 idem
1864 1746 1922 1783 erse
1938 1748 1998 1783 cum
2010 1731 2072 1798 pri·

383 1829 492 1893 patest;
515 1820 596 1889 cujus
618 1815 770 1872 sententiae
795 1821 942 1886 utramque
959 1821 1067 1886 partem
1082 1831 1106 1869 c.
1129 1820 1168 1870 18.
1187 1820 1216 1868 et
1240 1816 1351 1870 vatiam
1377 1819 1488 1886 qratiae
1513 1827 1539 1872 et
1564 1819 1676 1873 memte
1701 1819 1759 1871 eice
1787 1818 1926 1883 foeditate
1953 1816 2071 1869 amimae.

390 1916 427 1965 19.
448 1906 562 1978 probat,
588 1920 622 1958 00
642 1902 781 1958 contraria
797 1908 961 1974 argumenta
978 1918 1002 1956 0.
1022 1908 1062 1957 20.
1082 1899 1214 1955 dissolvit
1246 1903 1280 1956 Ut
1297 1903 1371 1956 euim
1394 1905 1488 1972 qratia
1506 1905 1566 1958 Dei
1587 1921 1638 1974 per
1658 1906 1771 1957 modum
1792 1903 1902 1957 habitm
1923 1901 1953 1954 iu
1976 1901 2072 1954 00100-

386 1993 615 2065 Respondemus:
643 1994 665 2044 l.
684 1987 869 2045 Bellarminus
890 1994 1028 2060 repugnat
1046 1986 1169 2058 sibiipsi
1188 1994 1216 2040 et
1241 1996 1298 2042 tate
1315 1989 1465 2043 inhaerear
1482 2007 1543 2044 eum
1554 1991 1722 2057 formaliter
1739 1989 1901 2044 conversari
1913 1990 1954 2041 ad
1970 1989 2071 2052 Dema,

385 2079 504 2136 veritati.
540 2078 633 2132 Antea
650 2075 724 2130 enim
742 2075 861 2145 probare
879 2075 981 2138 voluit,
997 2081 1143 2144 peccatum
1160 2073 1214 2127 ori·
1234 2076 1359 2146 justam,
1385 2085 1503 2141 rectam,
1530 2080 1739 2149 famosumque
1763 2079 1863 2142 efficit,
1889 2077 1931 2128 ita
1956 2092 1990 2128 ec
2010 2075 2071 2143 ejur

385 2166 458 2238 ginis
485 2181 541 2220 non
567 2162 717 2218 consistere
740 2161 768 2215 in
796 2162 916 2231 quadam
938 2160 1059 2231 positiva
1074 2159 1215 2231 qualitate,
1236 2162 1397 2230 privatione
1410 2163 2071 2230 volumtatemhabitualiterauersamiujuatom,

382 2257 442 2325 jam
465 2267 530 2306 vero
554 2256 635 2304 vocat
658 2247 828 2303 habitualem
852 2245 1021 2301 aversionem
1045 2251 1073 2299 et
1097 2244 1214 2316 obliqui·
1241 2248 1382 2317 obliquam
1412 2257 1438 2303 et
1463 2251 1617 2318 deformem
1640 2251 1710 2315 fieri.
1751 2248 1830 2304 Haec
1854 2248 1945 2302 omnia
1967 2247 2070 2302 Beller-

385 2346 472 2394 tatem
494 2336 659 2402 voluntatis,
687 2351 803 2406 eamque
829 2333 937 2388 confert
961 2349 1024 2391 eum
1050 2331 1141 2386 calore
1164 2347 1215 2401 per
1240 2334 1339 2399 minus,
1358 2352 1430 2406 quae
1447 2352 1481 2390 ex
1496 2335 1726 2392 scholasticorum
1746 2335 1905 2391 strationis
1925 2339 2070 2404 corruptae

387 2423 595 2480 calefactionem
621 2421 771 2493 acquisito,
798 2436 869 2490 quae
895 2426 969 2474 certe
993 2423 1059 2472 sunt
1080 2417 1215 2488 positivae
1240 2420 1362 2475 tenebris
1382 2421 1481 2476 hausta
1501 2423 1675 2477 atrocitatem
1691 2422 1799 2494 peccati
1818 2421 1958 2493 originalis
1976 2419 2071 2474 multis

389 2512 544 2583 qualitates.
579 2508 609 2564 Si
629 2525 694 2564 vero
718 2507 828 2562 nomine
846 2505 996 2559 habitualis
1017 2503 1167 2559 aversionis
1186 2509 1214 2558 et
1241 2507 1329 2561 modis
1357 2514 1513 2564 extenuant.
1560 2509 1588 2564 si
1618 2509 1690 2563 enim
1716 2508 1822 2563 aversio
1849 2508 1897 2561 illa
1920 2506 2070 2561 habitualis

385 2595 560 2668 obliquitatis
594 2594 697 2648 nudam
733 2591 876 2664 originalis
904 2591 1030 2662 justitiae
1062 2590 1213 2645 carentiam
1240 2611 1289 2662 per
1320 2593 1487 2664 baptismum
1516 2594 1627 2667 penitus
1653 2594 1759 2650 tollitur
1785 2612 1841 2649 non
1869 2594 1957 2649 solum
1983 2599 2069 2661 reatu,

386 2685 491 2754 absque
511 2682 570 2736 ulla
587 2679 755 2736 naturalium
774 2678 873 2732 virium
891 2677 1066 2747 corruptione
1085 2674 1215 2747 intelligit
1240 2680 1288 2736 sed
1316 2680 1399 2738 etiam
1425 2688 1505 2750 actu;
1539 2682 1561 2735 si
1592 2698 1642 2752 per
1666 2698 1752 2735 unum
1780 2688 1872 2736 actum
1902 2681 2069 2736 contrarium

386 2777 427 2838 (ut
446 2768 531 2823 salvis
548 2767 605 2821 suis
622 2764 822 2837 hypothesibus
840 2763 994 2834 intelligere
1012 2763 1139 2835 cogitiu),
1158 2762 1213 2816 dis·
1240 2767 1427 2822 conversionis
1451 2769 1486 2822 ad
1505 2767 1596 2822 Deum
1617 2766 1687 2822 haec
1709 2767 1819 2822 macula
1843 2768 1953 2838 penitus
1978 2767 2069 2822 00010-
2083 2770 2118 2816 tv.
2131 2769 2179 2816 111.

385 2855 508 2912 cedimus
528 2852 563 2908 ab
582 2870 614 2908 00
634 2851 722 2906 000011
742 2849 926 2920 scripturam,
953 2866 1092 2921 quaenon
1105 2853 1212 2903 tantum
1239 2858 1300 2908 tur:
1336 2854 1359 2907 si
1382 2855 1522 2925 perversio
1549 2859 1577 2908 et
1606 2854 1755 2924 obliquitas
1777 2854 1825 2909 illa
1852 2854 1943 2908 statim
1969 2852 2072 2909 desinit

385 2944 461 2997 nuda
477 2939 618 3012 originalis
632 2938 758 3008 justitiae
775 2936 911 3003 omentis,
939 2935 988 2991 sed
1012 2935 1095 2990 etiam
1114 2934 1212 2989 vitioso
1239 2956 1365 3010 manere,
1392 2940 1594 3012 quamprimum
1612 2939 1763 2994 efficaciter
1781 2941 1907 2995 volumus
1930 2957 1990 2995 eam
2014 2954 2070 2993 non

385 3028 482 3083 habitu
507 3044 558 3082 seu
582 3040 669 3095 prava
685 3023 864 3078 inclinatione
883 3021 986 3076 malum
1002 3020 1056 3076 hac
1074 3019 1211 3087 describit,
1239 3027 1363 3092 manere,
1389 3043 1439 3081 cur
1461 3027 1603 3097 Scriptura
1627 3025 1719 3080 verbis
1738 3033 1795 3081 tam
1814 3026 1926 3097 tragicis
1944 3025 1997 3081 hoc
2017 3023 2070 3080 ori·

386 3116 521 3183 damper
544 3111 626 3174 111111,
651 3107 994 3181 01101111111111111111
1016 3105 1214 3176 1111111111,ὶῦοᾶ
1239 3113 1333 3185 giuale
1359 3114 1462 3168 malum
1488 3113 1623 3168 accusat?
1655 3130 1705 3168 cur
1731 3113 1765 3169 dc
1789 3113 1986 3184 00ορ0010100
2011 3118 2069 3166 tam

386 3199 497 3268 definit,
526 3198 591 3252 dum
619 3196 718 3251 tribuit
743 3196 769 3251 si
788 3195 889 3250 effecta
906 3193 1117 3263 commissionis,
1147 3194 1214 3247 dum
1240 3200 1338 3257 misere
1357 3201 1547 3273 conqueritur,
1573 3201 1628 3256 imo
1648 3218 1698 3256 cur
1714 3206 1828 3273 propter
1844 3201 1982 3256 maculam
2000 3200 2070 3254 adeo

385 3292 467 3344 vocat
483 3284 659 3363 vitiositatem
676 3283 705 3336 in
722 3289 823 3337 1111111111
841 3282 997 3337 haerentem
1017 3287 1069 3336 11111·
1105 3286 1128 3335 ²·
1148 3279 1214 3334 Alia
1239 3287 1386 3344 leviculum
1411 3293 1440 3345 et
1463 3295 1520 3344 tam
1545 3289 1599 3345 cito
1623 3293 1811 3345 0000000100]
1830 3287 1908 3344 Deus
1926 3292 2071 3358 tantopere

385 3381 427 3431 eat
444 3373 517 3430 ratio
533 3371 622 3445 prima
638 3371 747 3442 peccati
766 3370 882 3450 00100110
901 3368 929 3422 in
946 3368 1063 3436 adamo,
1080 3367 1213 3422 aliavero
1240 3374 1344 3430 homini
1361 3376 1509 3431 irascitur?
1545 3375 1689 3431 Credimus
1711 3376 1804 3447 potius
1829 3375 1943 3446 Spiritui
1966 3381 2071 3443 sancto,

384 3462 412 3518 in
428 3461 527 3530 nobis,
544 3465 689 3532 peccatum
708 3459 853 3530 personale
871 3457 900 3511 in
919 3456 1029 3510 Adamo
1052 3454 1107 3510 fuit
1124 3470 1214 3509 causa
1240 3462 1288 3532 qui
1319 3463 1421 3519 diserte
1446 3469 1577 3533 testatur,
1610 3470 1757 3533 peccatum
1784 3462 1899 3534 originis
1927 3479 1982 3516 non
2010 3477 2071 3516 esse

385 3546 542 3617 originalis,
559 3546 585 3601 h.
605 3562 629 3600 e.
647 3544 772 3599 Adamas
792 3560 912 3616 peccans
927 3543 1066 3614 justitiam
1085 3556 1214 3597 001101011-
1239 3548 1342 3603 nudam
1369 3550 1509 3621 quandam
1538 3548 1603 3604 doni
1630 3548 1847 3620 supernaturalia
1878 3548 2068 3619 privationem,

384 3638 440 3688 tam
463 3650 514 3703 pro
536 3648 566 3687 se
590 3637 620 3686 et
641 3631 759 3702 posteris
778 3630 883 3699 amisit,
910 3647 943 3684 ac
970 3634 1057 3686 totam
1085 3635 1212 3683 naturam
1240 3635 1289 3691 sed
1305 3635 1463 3696 horribilem
1480 3634 1565 3689 totius
1584 3640 1699 3689 naturae
1717 3651 1750 3689 ac
1769 3634 1890 3688 omnium
1910 3633 2016 3688 animae
2030 3632 2069 3686 vi·

385 3719 532 3773 humanam
549 3718 578 3772 in
595 3717 682 3790 ipsius
701 3715 803 3772 lumbis
820 3715 980 3772 haerentem
995 3717 1131 3772 sementa
1149 3732 1212 3788 000·
1239 3723 1309 3777 rium
1326 3714 1543 3792 corruptionem3
1563 3738 1618 3776 non
1636 3722 1772 3776 maculam
1785 3721 1925 3792 quandam
1937 3717 2071 3775 laenati·

385 3806 437 3861 cati
460 3803 607 3873 tabefacit;
634 3802 683 3858 sed
709 3810 824 3874 peccata
848 3803 969 3858 actualia
992 3803 1021 3856 in
1045 3802 1124 3858 nobis
1148 3807 1213 3857 1111111
1239 3814 1339 3873 ζουσαν
1358 3825 1413 3862 uno
1430 3806 1567 3862 contrario
1585 3814 1650 3862 actu
1668 3806 1827 3868 delebilem‚
1855 3806 1903 3860 sed
1922 3811 2069 3877 peecatum

385 3893 503 3948 effectus
517 3890 659 3963 originalis
676 3890 798 3960 peccati,
823 3890 850 3946 h.
880 3906 904 3945 s·
928 3890 1007 3944 istius
1030 3888 1212 3960 comptionis
1238 3894 1342 3949 intimis
1364 3893 1514 3948 visceribus
1541 3910 1575 3948 ac
1601 3891 1679 3947 fibris
1706 3891 1857 3947 arctissime
1884 3908 1934 3963 per
1959 3907 2068 3947 omnem

385 3986 413 4034 et
431 3977 629 4043 immunditiae,
650 3993 734 4048 quam
752 3993 784 4030 ex
801 3976 896 4047 primis
912 3974 1074 4047 parentibus
1091 3991 1142 4046 per
1154 3990 1212 4028 oar·
1238 3979 1323 4034 ritam
1342 3980 1508 4036 adhaerens:
1533 3996 1588 4034 nan
1607 3976 1744 4047 ἐμπόδιον
1763 3978 1903 4049 quoddam
1917 3983 2067 4039 externum,

382 4064 476 4119 nalem
498 4062 702 4135 generationem
725 4062 868 4118 trahimus.
903 4068 928 4118 3.
956 4062 1107 4117 Peccatum
1129 4060 1211 4133 origi·
1238 4083 1294 4139 quo
1317 4066 1389 4121 vires
1413 4084 1464 4137 per
1488 4084 1519 4121 ae
1543 4065 1667 4137 integrae
1684 4065 1714 4119 in
1733 4065 1789 4119 suis
1810 4065 1964 4120 actionibus
1983 4064 2068 4135 impc-

385 4151 447 4206 nale
466 4168 523 4206 nan
539 4155 581 4205 est
598 4149 708 4204 actuale
726 4148 796 4203 illud
820 4150 902 4220 primi
925 4149 1048 4220 parentis
1071 4147 1211 4217 delictum,
1239 4154 1364 4220 diantur,
1390 4152 1439 4206 sed
1461 4150 1666 4207 ἆκαιασιασίαν
1685 4156 1731 4205 καὶ
1751 4150 1865 4213 ἀταξίαν
1883 4151 2010 4206 omnibus
2028 4149 2080 4203 fa·-

386 4237 433 4292 sed
459 4252 630 4307 consequens
658 4236 751 4304 101100,
779 4235 910 4291 videlicet
933 4235 1072 4307 corruptio
1097 4242 1211 4290 naturae
1238 4239 1387 4295 cultatibus
1416 4239 1512 4294 intime
1542 4238 1751 4306 adhaerentem,
1784 4254 1834 4307 per
1873 4253 1955 4309 quam
1986 4235 2067 4291 homo

386 4340 418 4378 ex
444 4328 561 4379 coorta
584 4328 612 4376 et
638 4323 667 4376 in
685 4338 779 4377 omnes
797 4329 921 4393 posteros
940 4340 990 4394 per
1008 4322 1211 4394 0000010030-
1238 4326 1339 4381 amissa
1364 4332 1510 4380 concreata
1543 4324 1707 4380 rectitudine
1734 4330 1819 4394 atque
1844 4322 2002 4394 integritate
2030 4322 2066 4375 ad

363 4410 553 4464 ‘nerationem
582 4412 743 4479 propagata.
796 4415 820 4465 4.
854 4408 961 4463 Nervus
992 4409 1077 4480 igitur
1103 4416 1210 4463 senteu-
1238 4413 1439 4467 omnebonum
1457 4412 1581 4481 ineptus,
1601 4409 1638 4463 ad
1655 4425 1735 4463 omne
1753 4408 1856 4462 malum
1870 4425 1985 4478 pronus,
2008 4406 2065 4461 irae

385 4497 439 4551 tiae
468 4494 701 4549 Bellarminianae
731 4500 806 4550 totus
837 4495 963 4549 consistit
990 4494 1019 4549 in
1057 4512 1102 4565 eo,
1137 4493 1210 4567 quod
1238 4499 1348 4553 divinae
1377 4491 1511 4554 obnoxius
1540 4514 1573 4552 ac
1599 4500 1726 4551 aeternae
1758 4494 1853 4549 mortis
1879 4493 1996 4549 nexibus
2025 4499 2067 4548 est

385 4587 528 4654 peccatum
556 4579 690 4652 originale
715 4585 798 4636 vacat
827 4581 996 4637 aversionem
1024 4579 1210 4642 habitualemz
1238 4585 1372 4658 illigatus.

385 4668 521 4740 quomodo
555 4685 620 4723 vero
657 4683 718 4722 eam
756 4666 919 4723 describitls
949 4664 972 4722 c'.
1011 4675 1051 4723 ¹7.
1089 4670 1212 4724 nominat
1273 4679 1314 4728 90.
1355 4669 1479 4726 Remotis
1503 4669 1590 4742 igitur
1613 4668 1826 4739 pelagianorum
1848 4683 1881 4721 ac
1906 4671 2064 4736 7101000ιί-
2080 4671 2153 4763 {iius

382 4755 586 4825 perversiorem
624 4763 650 4807 et
679 4755 870 4827 obliquitatem
896 4756 1043 4825 uuicuique
1066 4756 1210 4811 inhaerem-
1239 4756 1339 4822 tiaram
1361 4757 1391 4812 in
1414 4755 1525 4810 deiectu
1549 4755 1623 4809 circa
1647 4754 1756 4825 peccati
1782 4753 1922 4825 originalis
1940 4758 2066 4805 naturam
2109 4734 2155 4801 ⁸⁸?

385 4851 450 4912 tem,
478 4845 566 4896 donec
588 4859 643 4911 per
664 4842 830 4913 baptismum
845 4844 1212 4899 remittatur.c.19.vocat
1238 4844 1427 4900 aberrantium
1454 4841 1629 4911 opinionibus
1657 4847 1755 4908 restat,
1786 4847 1818 4894 ut
1843 4838 2067 4893 Manichaeorum

385 4931 555 4984 0000οἰ00000
572 4937 724 4982 manentem
744 4946 799 4999 per
816 4931 928 4982 madum
946 4929 1069 4998 1001100,
1096 4947 1211 5001 eamque
1239 4940 1266 4987 et
1280 4930 1472 4986 Flacianorum
1491 4928 1520 4981 in
1540 4944 1654 4982 excessu
1673 4924 1860 4981 aberrantium
1878 4931 1906 4979 et
1924 4928 2068 4993 peceatum

385 5016 507 5070 declarat
519 5015 571 5070 hoc
587 5013 681 5069 modo:
708 5015 741 5069 Ut
758 5017 792 5082 ie,
811 5016 861 5084 qui
873 5016 980 5081 facicm
995 5033 1013 5068 a
1026 5016 1085 5070 sole
1104 5018 1211 5085 avertit,
1238 5016 1353 5090 originis
1381 5031 1444 5069 cum
1470 5014 1531 5084 ipsa
1558 5012 1678 5066 hominis
1708 5019 1808 5065 natura
1840 5009 2068 5064 confundentium

385 5112 475 5157 manet
492 5121 619 5169 0000000,
642 5102 730 5155 dauco
754 5102 852 5154 iterum
872 5103 1043 5155 adeundam
1062 5103 1211 5168 salemfa·
1238 5103 1396 5174 opinionem
1422 5100 1580 5155 refutemus.
1623 5096 1780 5153 Manichaei
1804 5096 1940 5151 referente
1972 5097 2068 5167 Augu-

383 5191 450 5244 ciem
475 5195 635 5253 concertat;
662 5196 687 5241 et
713 5182 818 5256 diq'itus
844 5196 941 5257 speum
968 5197 1096 5242 curvatus
1123 5189 1211 5241 carui-
1237 5190 1309 5245 01100
1348 5189 1382 5244 (10
1418 5187 1521 5242 haeres.
1556 5186 1593 5240 ad
1629 5183 1853 5247 Quodvultdeum
1888 5183 1993 5237 haeres.
2027 5188 2068 5237 tt.

383 5285 465 5331 tatem
485 5276 597 5341 retinet,
623 5276 711 5328 damea
738 5275 838 5327 iterum
858 5291 913 5344 per
931 5282 1022 5328 actum
1040 5275 1211 5328 contrarium
1238 5274 1389 5338 docebant,
1428 5273 1569 5327 casualem
1600 5270 1849 5340 camcuprbcemtiom
1880 5286 1936 5322 mom
1965 5287 1997 5323 00
2029 5272 2068 5323 ui·

384 5366 542 5431 diriqatur:
561 5364 603 5415 sic
620 5363 703 5415 etiam
721 5360 858 5428 volumtas,
875 5378 945 5430 quae
963 5378 1019 5430 per
1040 5358 1211 5431 001000ρο0-
1237 5363 1311 5415 tiata
1337 5363 1367 5414 ia
1393 5361 1486 5430 primo
1514 5360 1623 5412 homine
1649 5365 1752 5410 matura
1780 5357 1859 5410 mobis
1877 5357 1966 5410 inesse
1990 5358 2067 5424 imfir-

383 5451 440 5503 000·
456 5468 475 5503 0
493 5451 557 5502 Deo
574 5450 699 5516 recessit,
719 5448 749 5500 iu
767 5465 798 5500 00
816 5464 924 5500 recessu
941 5455 1100 5516 pomona,
1125 5449 1212 5502 donec
1238 5449 1376 5517 mitatem,
1399 5448 1451 5499 sed
1467 5445 1649 5497 substantiam
1668 5460 1726 5496 esse
1743 5432 1914 5496 contrariam
1931 5444 1972 5496 ric
1989 5444 2069 5495 mabsb

382 5538 482 5590 irenam
496 5552 552 5604 per
566 5535 766 5605 poeniteutiam
786 5534 930 5586 adDeum
949 5535 1074 5587 accedat.
1103 5535 1211 5588 Dietiu-
1239 5534 1441 5600 adhaerentem,
1459 5539 1489 5585 ut
1507 5532 1619 5600 0000010
1639 5529 1792 5582 liberamur
1809 5537 1890 5598 atque
1904 5547 2067 5598 purqammr,

381 5624 440 5691 quit
466 5621 570 5686 ibidem
595 5621 667 5675 huuc
692 5620 863 5674 aversionem
886 5620 1056 5673 habitualem
1074 5639 1093 5675 a
1111 5621 1211 5673 vitioso
1238 5628 1385 5691 separetur
1417 5637 1435 5671 o
1464 5618 1543 5670 uobis
1571 5622 1624 5671 etc.
1667 5615 1779 5671 Flaciua
1804 5634 1859 5669 non
1884 5615 1912 5668 in
1925 5614 2067 5669 ‘omnibus
2080 5636 2190 5677 mm,

381 5710 478 5764 habitu
495 5710 547 5763 hac
564 5711 662 5774 moda,
689 5708 766 5778 quad
787 5707 898 5760 habitus
915 5707 1069 5777 aequabitur
1087 5708 1124 5761 ait
1142 5726 1208 5778 qua·
1238 5706 1364 5779 quidem,
1391 5705 1421 5758 in
1446 5721 1478 5759 eo
1505 5708 1598 5757 100100
1623 5699 1799 5758 Manichacus
1827 5702 1961 5777 sequitur,
1991 5701 2065 5771 quod
