5017 6675
403 595 410 612 ·
459 590 520 648 200
721 568 727 579 ·
1126 570 1249 630 secus
1269 569 1494 629 mummius

458 736 489 792 in
508 751 592 790 manu
608 733 718 792 consilii
735 733 778 788 sni
796 730 906 788 relictus
926 729 1035 797 dieitur,
1054 743 1110 783 non
1127 732 1220 799 potest
1237 725 1294 781 col·
1320 726 1446 779 semotis
1463 727 1613 794 masidata,
1630 725 1661 778 in
1679 727 1776 779 codem
1792 723 1867 778 libro
1884 723 2088 779 Ecclesiastico
2107 724 2163 779 ali·

455 811 517 896 ligi,
538 821 613 893 quod
632 822 723 877 adbuc
740 817 869 891 perfectis
887 816 943 871 illis
962 816 999 871 ad
1015 814 1119 870 bonum
1136 813 1241 869 viribus
1258 813 1295 867 sit
1321 819 1424 881 quanto
1437 820 1504 882 post
1521 813 1606 866 dicit:
1629 812 1699 874 Qass
1717 812 1838 866 debitia
1849 827 1899 865 ore
1909 827 1970 865 meo
1980 811 2164 866 custodiam?

458 911 619 973 instructus,
638 907 773 978 siquidem
791 909 937 976 peceatum
956 903 1062 958 faciens
1078 901 1295 972 peccatisersus
1322 905 1373 954 etc.
1402 901 1449 952 Eo
1466 900 1523 953 isto
1541 899 1669 952 motione
1684 898 1817 966 intellige,
1838 898 1977 968 momodo
1995 898 2116 966 dicad,
2135 898 2165 951 si

458 996 565 1063 iaetus,
594 994 664 1049 adeo
687 1001 716 1045 at
738 1010 793 1045 non
817 992 903 1044 simas
927 989 1025 1043 icionei
1042 989 1165 1057 cogitare
1182 985 1297 1055 aliquid
1322 986 1443 1039 volueris
1461 985 1637 1039 conservabis
1659 987 1811 1052 mandata,
1839 991 1944 1037 certam
1961 991 2003 1037 est
2020 984 2094 1037 enim
2110 1000 2164 1038 nos

460 1082 527 1135 boni
550 1097 583 1134 aa
608 1079 687 1132 nobis
709 1086 844 1147 tanquam
869 1093 902 1130 sa
917 1076 1020 1143 mobis,
1050 1080 1075 1131 2.
1094 1073 1155 1128 Cor.
1175 1079 1204 1140 3,
1222 1090 1248 1126 v.
1270 1079 1293 1128 5.
1322 1073 1460 1124 mensim
1476 1087 1596 1139 servare,
1615 1071 1643 1124 si
1657 1072 1791 1139 volumus,
1810 1073 1863 1124 sed
1882 1071 1950 1140 qaia
1965 1077 2163 1140 praeparatur

460 1172 484 1223 ³.
504 1167 569 1220 hinc
587 1164 759 1236 Augustinus
778 1163 826 1218 lib.
845 1168 868 1218 3,
886 1162 1068 1235 hypognost:
1092 1160 1168 1223 Quid
1186 1168 1235 1228 est,
1252 1176 1295 1213 rs·
1320 1158 1452 1211 voluutas
1468 1159 1630 1221 aDomiuo,
1648 1157 1684 1211 ab
1701 1157 1754 1211 iilo
1767 1158 1921 1226 petendam
1939 1164 1987 1224 cst,
2006 1165 2036 1210 at
2053 1164 2164 1210 mutam

460 1254 543 1323 liquit
569 1251 651 1305 silam
669 1249 831 1316 (Ademum)
852 1250 883 1302 in
907 1267 993 1302 mona
1018 1247 1129 1301 consilii
1152 1248 1211 1314 essi,
1240 1244 1298 1298 nisi
1322 1244 1446 1308 uelimus,
1462 1252 1595 1314 armatam
1612 1245 1729 1312 sufficit,
1747 1244 1906 1298 sitvoiendo
1916 1243 2075 1311 sociamus.
2094 1242 2163 1296 Ger-

461 1338 569 1393 dsmiss't
583 1353 645 1390 eam
658 1335 688 1388 in
702 1342 841 1404 potestate
858 1335 944 1388 liberi
959 1333 1074 1388 arbitrii
1090 1333 1143 1401 sui,
1163 1333 1193 1385 in
1211 1350 1296 1385 mama
1324 1338 1379 1383 tum
1398 1338 1437 1384 est
1453 1349 1505 1385 nos
1521 1332 1599 1399 vello,
1618 1349 1679 1384 cam
1690 1331 1822 1395 volamus,
1841 1331 1895 1384 ssa
1911 1330 1961 1384 ille
1972 1331 2055 1394 facit,
2074 1337 2105 1383 at
2116 1347 2161 1384 oc·
2174 1328 2200 1373 V·

461 1425 533 1479 enim
546 1421 724 1492 possibilitas
743 1420 919 1488 intelligitur.
948 1420 1073 1489 Ipsaest
1083 1419 1180 1488 primo
1192 1418 1296 1486 oratio,
1324 1418 1421 1482 limas,
1447 1419 1483 1471 de
1505 1435 1560 1488 quo
1578 1419 1683 1471 dictam
1701 1425 1753 1487 est,
1778 1424 1975 1486 praeparatas·
1992 1417 2123 1471 voluntas
2143 1435 2163 1469 a

462 1527 517 1580 qua
528 1509 821 1578 primnsbomostare
834 1508 982 1576 potuisset,
999 1505 1296 1559 sisarum-emandcta
1324 1506 1448 1559 Domino
1473 1511 1526 1560 ete.
1573 1509 1598 1559 t.
1618 1505 1685 1558 Nisi
1714 1506 1885 1558 concedatur
1911 1502 2018 1557 bomini
2042 1503 2164 1556 libanam

461 1597 520 1649 Dei
535 1594 677 1649 voluisset.
703 1595 768 1648 Hoc
781 1610 847 1661 erpo
858 1611 912 1663 per
926 1593 1143 1646 inobedientiam
1155 1590 1298 1644 desolatas
1325 1593 1481 1659 arbitrium,
1500 1610 1556 1645 non
1568 1599 1663 1661 potest
1680 1590 1804 1645 cobrccri
1819 1589 1915 1643 cornis
1932 1589 2110 1657 malignitas,
2127 1604 2164 1642 sss

461 1681 541 1735 bomo
554 1681 669 1750 judicio
682 1680 764 1747 justo
774 1681 875 1746 factas
891 1687 931 1732 cst
948 1678 1084 1748 serpenti,
1107 1678 1141 1729 id
1155 1684 1211 1742 est,
1235 1675 1297 1728 dia·
1325 1680 1426 1748 cnlpae
1445 1696 1560 1733 cansam
1577 1679 1608 1731 in
1627 1679 1721 1730 Deum
1740 1678 1904 1741 transferat.
1934 1675 2164 1746 Respondemnsz

462 1767 539 1833 bolo,
561 1766 609 1818 cai
624 1765 725 1818 maluit
745 1766 869 1832 obedire,
901 1782 984 1833 gisam
1002 1765 1079 1830 Deo,
1106 1763 1249 1831 captiuam·
1272 1769 1297 1814 et
1325 1765 1437 1819 minime
1463 1781 1542 1829 vero,
1568 1768 1722 1818 naseuntur
1743 1762 1867 1817 homines
1886 1760 1937 1816 sub
1958 1761 2067 1831 peceati
2081 1762 2163 1832 jugo,

460 1853 525 1906 ideo
549 1850 683 1920 scriptam
706 1857 762 1918 est,
789 1867 808 1902 o
832 1867 886 1918 quo
910 1850 983 1902 enim
1003 1850 1066 1918 qnia
1084 1856 1232 1917 superatus
1250 1855 1298 1914 ost,
1326 1851 1400 1921 quod
1423 1849 1504 1920 primi
1527 1849 1649 1920 parentis
1673 1850 1813 1904 voluntate
1836 1854 1865 1904 et
1889 1847 1994 1902 diaboli
2012 1847 2113 1901 fraude
2133 1845 2163 1901 in

462 1938 526 1993 baio
547 1945 572 1990 et
589 1954 684 1990 sersus
700 1936 833 1989 addictas
850 1943 897 1988 est.
931 1933 1256 2006 RegeritBellarmiuus:
1276 1937 1297 1987 1.
1325 1937 1458 1991 mundum
1477 1936 1665 1991 introductum
1682 1936 1720 1989 ad
1737 1952 1830 1990 omnes
1848 1933 2005 2004 pertransit
2039 1932 2162 2004 August.

462 2026 583 2095 August
601 2023 637 2077 de
653 2028 725 2093 grat.
738 2021 826 2076 etlib.
839 2020 919 2076 arbit.
938 2038 961 2075 e.
974 2028 1003 2076 2:
1023 2020 1298 2088 buncspsamiocsan
1326 2024 1373 2078 lib.
1393 2029 1416 2078 3.
1434 2023 1571 2093 hypogn:
1601 2025 1647 2076 De
1665 2030 1768 2076 notura
1784 2021 1897 2088 vitiata,
1918 2021 1952 2073 id
1970 2028 2021 2085 est,
2039 2022 2076 2073 de
2092 2035 2163 2089 pro·

462 2113 546 2181 offert
571 2111 613 2162 oct
634 2110 814 2178 probandum
837 2108 955 2161 liberum
980 2108 1136 2160 arbitrium.
1175 2105 1298 2175 Respon·
1325 2111 1455 2180 toplostis
1476 2109 1646 2172 bominibus,
1674 2126 1792 2176 oscorum
1814 2125 1908 2161 sumas
1932 2113 1959 2159 et
1976 2106 2034 2174 ipsi
2051 2112 2164 2176 natare,

464 2197 573 2251 demus:
598 2213 649 2265 per
669 2194 789 2250 liberum
813 2193 958 2247 arbitrium
975 2193 1107 2264 intelligit
1124 2192 1298 2264 Augustinus
1326 2198 1356 2249 in
1373 2195 1473 2265 quibas
1489 2203 1529 2248 est
1547 2194 1646 2247 vitiata
1664 2194 1787 2260 libertas,
1807 2192 1888 2245 bomo
1905 2191 2059 2246 voluntatis
2076 2177 2163 2245 sanos

464 2283 552 2353 ipsam
564 2280 682 2336 hominis
694 2280 873 2348 voluntatem,
886 2279 1138 2350 quaeaeoactione
1151 2285 1194 2334 est
1202 2277 1299 2340 libera,
1326 2284 1453 2352 perfecto
1470 2282 1601 2335 videlicet
1621 2280 1759 2334 libertatis
1776 2278 1908 2347 arbitrio,
1932 2296 1987 2347 qno
2010 2278 2067 2331 sibi
2081 2279 2162 2347 suffi-

461 2369 563 2423 licata
581 2367 689 2438 peccati
707 2365 839 2420 servitute
857 2382 912 2419 non
931 2364 967 2419 sit
984 2364 1087 2433 libera3
1108 2372 1134 2421 2.
1154 2364 1232 2417 lomes
1244 2365 1298 2416 Ec·
1327 2369 1392 2430 ciat,
1409 2387 1465 2421 non
1476 2374 1569 2437 potest
1582 2367 1694 2420 emoriri.
1722 2365 1870 2420 Praeterea
1888 2363 2162 2435 pararitDenshuic

462 2454 617 2508 ctmiastici
633 2453 753 2506 ostendit
771 2452 801 2504 ia
818 2451 928 2504 bomine
945 2452 1029 2503 etiam
1042 2459 1109 2519 post
1127 2451 1236 2521 tapnim
1255 2468 1300 2502 sc-
1327 2454 1421 2510 morbo
1437 2459 1553 2508 naturas
1572 2458 1682 2506 nostrae
1700 2450 1853 2506 remedium
1865 2451 1894 2504 in
1910 2450 2063 2505 ministerio
2077 2448 2162 2519 serbi,

457 2556 574 2610 perosae
592 2539 709 2592 liberam
728 2537 884 2604 arbitrium,
904 2537 1017 2590 deiceret
1033 2537 1105 2590 enim
1113 2537 1204 2606 paulo
1216 2545 1298 2589 ante:
1326 2541 1401 2612 quod
1419 2540 1485 2611 quia
1501 2539 1582 2593 multi
1599 2544 1778 2593 contemnunt
1794 2554 1827 2592 ac
1846 2536 1984 2607 rejiciunt,
2003 2554 2060 2591 non
2071 2537 2161 2591 Deum

460 2641 496 2678 tw
515 2625 609 2692 dicat,
636 2626 717 2678 Dm
734 2641 778 2675 Μ
795 2623 978 2693 implanavit,
1006 2622 1040 2674 fd
1056 2629 1110 2690 til,
1136 2639 1170 2675 πθ
1187 2624 1299 2686 reserat
1327 2626 1464 2696 periectas
1482 2631 1597 2680 naturae
1614 2631 1776 2691 creatorem,
1796 2623 1922 2693 perditae
1940 2641 2006 2678 vero
2024 2623 2161 2679 medicum

461 2729 574 2764 causam
587 2711 701 2764 ειιὶινίε
712 2710 854 2771 iaDettm
869 2717 895 2762 et
910 2709 1040 2761 continuo
1055 2709 1147 2772 adas,
1167 2710 1299 2778 quoniam
1326 2731 1359 2768 ac
1378 2712 1595 2775 instauratorem,
1615 2711 1664 2766 sed
1682 2729 1711 2765 se
1728 2712 1803 2781 ipsos
1820 2711 1912 2780 potius
1930 2717 2070 2766 accusent

462 2800 542 2852 Deus
564 2796 680 2865 reliquit
701 2795 839 2848 bominem
860 2795 890 2848 in
915 2812 1000 2847 mana
1016 2789 1131 2848 comitii
1147 2796 1205 2860 sai,
1227 2804 1299 2863 ossae
1362 2805 1401 2856 78.
1438 2799 1522 2855 Sexta
1544 2797 1639 2853 elassis
1664 2797 1718 2851 alia
1742 2798 1880 2868 quaedam
1900 2797 2061 2867 Scripturas
2088 2795 2191 2853 dicta*

461 2883 537 2937 ratio
556 2882 628 2936 nibil
647 2882 783 2948 efficeret,
802 2880 860 2933 nisi
874 2880 1035 2950 significare
1053 2881 1135 2935 uellet
1154 2882 1296 2934 Ecclesia·
1328 2885 1460 2956 proponit.
1483 2890 1505 2940 1.
1522 2885 1605 2939 Dent.
1625 2890 1670 2938 30:
1692 2885 1849 2939 Considera
1865 2886 1942 2951 quoa
1958 2884 2043 2938 bodie
2057 2885 2086 2938 in
2098 2846 2203 2950 con-{b

461 2971 555 3032 stiores,
576 2968 693 3021 literam
710 2966 860 3019 arbitrium
876 2967 958 3020 initio
970 2969 1069 3021 datam
1078 2968 1174 3037 primo
1186 2967 1299 3037 bomini,
1325 2979 1420 3042 specta
1445 2979 1492 3025 tao
1510 2971 1706 3041 proposuerim
1729 2972 1813 3023 citam
1837 2979 1863 3023 ct
1881 2971 1993 3038 bonum,
2022 2978 2049 3024 st
2066 2988 2082 3024 s
2098 2951 2203 3044 coss-2

461 3072 534 3109 nanc
561 3054 644 3112 stiam
670 3053 700 3105 in
723 3052 845 3120 posteris
866 3070 1042 3123 permanere.
1077 3053 1299 3124 Respondemus:
1326 3059 1417 3112 traria
1434 3067 1549 3112 mortem
1567 3066 1593 3110 ct
1610 3058 1722 3110 moisem.
1764 3057 1801 3110 Et
1817 3064 1926 3126 postea:
1949 3057 2046 3110 Testes
2065 3058 2162 3112 invoco

462 3137 501 3197 in'
515 3138 635 3196 externis
658 3137 769 3209 quidem
793 3138 944 3197 sceleribus
964 3138 1126 3193 cohibendis
1151 3138 1233 3195 homo
1251 3140 1299 3194 ad·
1327 3146 1432 3199 coelam
1450 3154 1475 3198 et
1492 3153 1610 3208 terram,
1634 3147 1711 3214 quod
1723 3144 1922 3214 proposuerim
1936 3143 2014 3196 cobis
2031 3142 2122 3197 sitnm
2138 3151 2164 3197 st

463 3227 519 3282 hue
537 3225 694 3280 libertatem
711 3224 851 3295 quandam
871 3223 971 3294 habet,
997 3224 1046 3278 sed
1063 3225 1227 3295 pravitatem
1251 3243 1299 3280 na·
1329 3240 1450 3295 mortsm,
1471 3231 1687 3284 benedictionem
1705 3239 1731 3283 et
1748 3219 1986 3297 snalsdictionem,
2006 3230 2080 3298 elige
2099 3247 2165 3298 erqo

463 3320 543 3370 turae
565 3310 711 3367 nobiscum
733 3318 893 3367 nascentem
914 3311 971 3365 suis
995 3310 1100 3365 viribus
1118 3311 1254 3382 deponere
1274 3319 1300 3368 et
1326 3319 1419 3373 vitam.
1449 3317 1503 3371 Ubi
1513 3319 1627 3385 Moyses
1639 3335 1694 3370 non
1710 3316 1833 3386 loquitur
1848 3318 1883 3369 ele
1895 3322 1971 3369 maus
1981 3315 2165 3385 innocentiae,

464 3397 574 3472 peceati
598 3397 731 3454 servitute
756 3398 829 3453 exire
853 3397 966 3469 nequit3
994 3397 1081 3452 nihilo
1099 3406 1193 3454 tamen
1210 3400 1300 3454 minus
1327 3408 1379 3465 scd
1403 3407 1443 3458 ad
1461 3404 1604 3458 Hebraeos
1629 3404 1678 3472 qni
1700 3411 1765 3456 tunc
1784 3412 1864 3456 cram
1882 3421 1943 3455 eam
1961 3403 2039 3471 ipso,
2067 3405 2166 3473 quibas

464 3491 539 3541 recte
563 3485 598 3538 ad
624 3483 716 3555 ipsum
742 3483 856 3552 dicitnr,
885 3484 960 3554 quod
983 3500 1095 3539 causam
1119 3487 1228 3555 peceati
1246 3502 1300 3540 non
1327 3493 1446 3545 literam
1460 3491 1594 3560 relinquit
1612 3490 1679 3542 toni
1695 3490 1738 3542 ccl
1757 3490 1826 3541 nnals'
1843 3489 2011 3542 electionem.
2041 3488 2166 3561 Respon-

464 3571 567 3626 debett
592 3569 694 3625 rufum
717 3569 746 3624 1¹1
771 3568 876 3633 Deum,
905 3569 953 3639 qui
979 3570 1109 3640 perlectis
1135 3572 1171 3625 ad
1197 3572 1300 3629 bonum
1329 3580 1437 3634 demus:
1459 3576 1632 3631 Protestatur
1649 3576 1760 3646 Moyses
1779 3574 1898 3632 maxima
1916 3576 2166 3646 cumsolsnnimts,

463 3657 569 3712 viribus
592 3655 720 3727 primitus
745 3671 809 3710 eum
831 3654 973 3720 instruxit,
1000 3673 1034 3711 ac
1056 3657 1156 3713 misera
1172 3657 1222 3712 illa
1238 3675 1300 3729 pec·
1328 3665 1402 3736 quod
1419 3664 1449 3718 in
1466 3662 1598 3717 docendis
1615 3662 1678 3725 illis,
1697 3678 1768 3732 quae
1786 3661 1823 3715 ad
1833 3661 2013 3732 temporalem
2031 3669 2060 3716 et
2077 3668 2166 3717 aeter·

464 3743 546 3798 candi
562 3742 695 3810 servitus,
715 3741 761 3796 cui
779 3747 843 3811 post
858 3741 967 3811 lapsum
983 3742 1102 3813 subjecti
1119 3761 1229 3821 sumus,
1245 3762 1301 3799 non
1328 3767 1391 3805 nam
1411 3749 1600 3804 Israiilitarum
1622 3748 1738 3802 salutem
1756 3748 1910 3816 pertinent,
1929 3746 1998 3801 nihil
2017 3748 2168 3820 quiequam

464 3835 507 3885 est
527 3828 675 3885 mserenda
698 3827 736 3882 ad
759 3826 900 3882 decretum
925 3829 1065 3899 quoddam
1080 3829 1135 3885 Dei
1152 3831 1300 3902 sanguina·
1329 3834 1556 3902 dissimulaverit,
1576 3835 1623 3889 sed
1643 3834 1716 3905 quod
1735 3833 1888 3888 ostenderit
1905 3833 1979 3886 viam
1996 3832 2167 3889 observatio·

464 3915 548 3979 dum,
576 3930 632 3985 quo
654 3912 790 3983 impulsus
814 3912 900 3968 fuerit
915 3913 1041 3969 Adamas
1065 3916 1101 3970 sd
1123 3915 1247 3987 lapsum,
1275 3924 1302 3971 et
1328 3923 1371 3976 nis
1388 3921 1579 3976 mandatorum
1596 3920 1658 3987 Dei,
1678 3937 1749 3991 quae
1766 3919 1845 3973 ducit
1862 3920 1897 3973 ad
1914 3919 2009 3984 vitam,
2030 3925 2058 3975 et
2074 3921 2166 3992 gravi-

465 4000 568 4072 posteri
587 4000 648 4069 ejus
667 4000 697 4054 in
713 3998 821 4069 peceati
840 3999 949 4054 foveam
968 4001 1153 4074 praecipitati,
1172 4004 1223 4057 sed
1238 4021 1301 4074 pro·
1329 4017 1371 4063 ter
1390 4007 1538 4075 monuerit,
1563 4013 1594 4059 ut
1612 4012 1729 4060 caveant
1752 4006 1826 4060 vium
1844 4005 2071 4077 transgressionis
2090 4024 2167 4062 maa·

465 4088 542 4159 prise
561 4085 664 4141 Adami
680 4086 781 4156 eulpae
797 4091 915 4157 accepta
932 4087 1060 4158 ferenda,
1088 4089 1224 4160 siquidem
1242 4090 1302 4161 ipse
1329 4096 1455 4149 datorum
1475 4092 1542 4161 Dei,
1570 4109 1641 4163 quae
1662 4093 1738 4145 clusit
1758 4093 1793 4145 ad
1812 4100 1938 4162 mortem,
1968 4110 2001 4147 ex
2020 4110 2052 4148 eo
2072 4099 2168 4149 autem

465 4180 558 4230 rectus
576 4177 605 4228 et
622 4172 762 4242 perfectus
780 4187 798 4226 s
815 4172 877 4227 Deo
900 4180 1008 4228 creatus
1031 4175 1144 4246 propria
1160 4175 1302 4232 voluntate
1329 4197 1384 4234 non
1405 4184 1496 4251 potest
1513 4195 1564 4232 nec
1584 4177 1668 4232 debet
1691 4177 1798 4248 colligi,
1825 4179 1899 4247 quod
1917 4178 1998 4232 homo
2017 4180 2109 4248 possit
2126 4184 2178 4233 to·

466 4262 502 4316 ab
524 4261 584 4331 ipso
601 4259 718 4323 defecits
744 4262 771 4311 3.
794 4260 891 4313 Verbis
909 4261 970 4314 iilis
986 4262 1142 4330 alloquium
1160 4264 1302 4317 Ecclesia·
1329 4275 1386 4321 tam
1404 4265 1493 4335 legem
1511 4264 1634 4334 implere,
1652 4264 1739 4317 multo
1759 4264 1849 4317 minus
1860 4264 1934 4335 quod
1953 4264 2010 4318 suis
2028 4263 2110 4320 liberi
2121 4281 2165 4319 ar·

466 4348 694 4410 micnsbomines,
708 4346 840 4415 qainssnc
849 4354 920 4399 sant.
945 4346 1302 4416 Respondemuschomines
1330 4352 1402 4406 bitrii
1420 4350 1525 4405 viribus
1551 4350 1651 4420 possit,
1678 4352 1841 4403 mandatnm
1860 4349 1948 4416 enim,
1973 4352 2051 4418 qaod
2069 4352 2165 4404 datum

466 4452 521 4489 non
538 4433 628 4488 renati
650 4432 754 4487 habent
768 4432 908 4503 quandam
927 4432 1083 4487 libertatem
1101 4434 1130 4488 in
1148 4435 1301 4489 actionibus
1330 4439 1407 4492 nobb
1432 4440 1472 4490 ad
1496 4438 1597 4503 sitam,
1626 4436 1654 4490 id
1680 4442 1793 4505 propter
1820 4435 2024 4505 corruptionem
2049 4444 2165 4491 naturas

466 4520 586 4576 externis
602 4517 741 4573 moraliter
754 4517 844 4582 bonis,
859 4518 948 4572 renati
961 4518 1052 4572 adhue
1066 4519 1149 4591 longe
1162 4522 1302 4590 majorem,
1329 4531 1439 4579 nostrae
1458 4524 1597 4576 incessitur
1615 4524 1713 4575 cedere
1737 4525 1778 4574 ad
1802 4530 1915 4574 mortem
1940 4522 2020 4576 Rom.
2041 4529 2066 4586 t,
2085 4541 2111 4578 v.
2129 4529 2164 4588 lt,

466 4606 592 4676 utrisque
608 4605 694 4675 igitur
714 4610 830 4674 prosunt
849 4605 919 4658 tales
937 4605 1146 4661 admonitiones.
1172 4607 1301 4678 Augusti
1331 4612 1407 4680 quod
1424 4611 1481 4677 lcyi
1499 4618 1560 4662 crat
1576 4610 1722 4678 possibile,
1746 4609 1813 4678 qnia
1834 4624 1886 4679 per
1909 4626 2021 4661 carnem
2040 4609 2163 4670 infirmo·

465 4711 518 4748 nus
527 4693 563 4746 de
581 4696 649 4764 grat
665 4696 693 4744 et
704 4689 752 4745 lib.
764 4691 858 4746 arbitr.
875 4710 898 4746 c.
915 4697 959 4747 16:
981 4692 1097 4761 Sesnper
1117 4701 1157 4746 est
1176 4694 1205 4747 in
1225 4695 1303 4748 nobis
1331 4699 1426 4762 batur,
1451 4698 1484 4749 id
1497 4696 1641 4765 praestitit
1659 4697 1737 4748 Dens
1757 4696 1841 4748 misso
1859 4694 1937 4748 Filio
1963 4713 2014 4748 sao
2043 4696 2123 4751 Rom.
2140 4698 2186 4766 8,'

467 4780 597 4833 voluntas
613 4778 713 4845 libero,
731 4779 784 4829 sed
800 4794 854 4830 non
871 4795 980 4847 semper
998 4786 1038 4831 est
1056 4780 1145 4847 bonc;
1164 4788 1214 4832 ant
1231 4780 1303 4834 enim
1330 4803 1355 4840 v.
1375 4788 1404 4853 33
1429 4782 1546 4853 proinde
1562 4781 1592 4835 in
1613 4780 1805 4835 observatione
1824 4780 2017 4835 mandatorum
2034 4799 2092 4837 non
2111 4801 2163 4837 um·

468 4884 487 4919 a
499 4865 617 4936 justitia
633 4864 723 4918 libera
741 4869 795 4931 sss,
820 4865 933 4930 quando
953 4865 1038 4917 serait
1051 4873 1177 4934 peccato,
1196 4874 1222 4919 et
1240 4874 1304 4920 tanc
1331 4872 1403 4941 plius
1420 4868 1501 4923 nobis
1519 4885 1582 4938 spes
1599 4860 1688 4935 v'itae,
1711 4868 1760 4921 sed
1778 4867 1808 4921 in
1825 4866 1948 4935 Christo,
1974 4869 2025 4936 qai
2042 4878 2084 4923 cst
2094 4870 2163 4937 finis

468 4960 507 5007 est
532 4952 625 5020 mola,
655 4958 704 5003 ant
722 4968 742 5003 a
754 4957 874 5018 peccato
897 4950 988 5003 libero
1008 4958 1061 5018 est,
1088 4953 1203 5018 quando
1219 4954 1304 5006 seruit
1331 4958 1400 5025 legis
1428 4957 1470 5008 od
1488 4955 1633 5023 justitiam
1660 4953 1737 5007 omni
1761 4954 1887 5006 medenti
1912 4952 1991 5007 Rom.
2019 4959 2066 5012 10.
2090 4973 2115 5009 v.
2133 4960 2163 5009 t:

465 5039 601 5106 justitias,
620 5045 646 5091 et
665 5045 729 5090 tanc
749 5044 788 5090 est
806 5036 887 5090 bona.
918 5034 1023 5089 Gratia
1042 5052 1108 5090 cero
1120 5038 1181 5090 Dei
1196 5056 1304 5109 senator
1331 5045 1391 5098 ideo
1412 5043 1494 5111 juxta
1516 5039 1769 5109 interpretationem
1788 5038 1966 5109 apostolicam
1988 5040 2018 5094 in
2039 5041 2089 5097 illo
2104 5041 2164 5112 ipso

468 5132 508 5177 est
536 5125 623 5192 bono,
650 5131 676 5175 et
699 5140 756 5191 per
779 5122 851 5175 banc
869 5123 907 5189 fit
930 5129 960 5174 ut
984 5123 1047 5191 ipsa
1074 5124 1145 5177 bona
1167 5124 1305 5196 uoluntas,
1332 5130 1437 5185 decimo
1461 5126 1552 5198 capite
1575 5126 1687 5195 Moyses
1711 5129 1739 5179 et
1762 5125 1880 5195 legalem
1904 5142 2020 5196 operum
2038 5132 2068 5183 et
2085 5143 2166 5182 evan-

469 5212 619 5279 quaejam
635 5226 694 5263 csse
713 5209 818 5278 coepit,
837 5216 987 5276 angeatur,
1007 5217 1108 5263 ettam
1126 5230 1229 5281 magno
1246 5216 1305 5283 fiat,
1332 5214 1449 5286 gelisam
1467 5212 1531 5268 fidei
1547 5211 1685 5282 justitiam
1703 5210 1755 5265 hoe
1772 5211 1833 5265 loeo
1852 5211 2000 5277 describit,
2028 5212 2166 5284 siquidem

468 5305 499 5348 at
520 5296 613 5366 possit
639 5296 756 5364 implere
782 5296 880 5348 divim
905 5297 1056 5359 mandata,
1083 5314 1153 5364 qnae
1178 5300 1306 5367 volucrit,
1332 5319 1386 5356 non
1414 5300 1502 5354 solum
1529 5299 1633 5370 legem,
1662 5297 1711 5352 sed
1736 5296 1818 5351 etiam
1842 5297 1975 5352 vaticinia
1997 5299 2032 5353 de
2057 5299 2168 5355 Christo

470 5399 530 5434 oum
549 5381 633 5434 valde
648 5383 826 5451 perfectoque
845 5381 971 5435 soluerit.
1003 5382 1054 5435 Aa
1070 5383 1121 5436 boc
1136 5385 1207 5437 enim
1225 5386 1305 5454 calet,
1332 5398 1391 5442 tum
1418 5386 1447 5440 in
1474 5384 1555 5440 elaris
1582 5384 1810 5456 promissionibus
1832 5389 1890 5437 mm
1915 5384 1945 5438 in
1968 5384 2169 5441 sacrificiorum

469 5468 547 5537 qima
576 5468 710 5535 scriptam
737 5475 777 5520 est
809 5467 885 5521 Eecl.
908 5474 954 5523 15:
986 5468 1021 5522 Si
1036 5470 1170 5533 volneris,
1197 5489 1305 5525 conser-
1332 5473 1406 5544 typis
1432 5471 1543 5543 Moyses
1570 5471 1627 5525 suis
1652 5470 1784 5552 lsraiilitis
1810 5469 1969 5541 proposuit3
1995 5471 2024 5524 in
2044 5471 2098 5526 hac
2119 5490 2171 5527 sna

468 5554 547 5608 stata
561 5555 708 5622 mandata,
726 5554 857 5617 rothomo,
874 5555 924 5623 qni
933 5555 1053 5609 voluerit
1072 5563 1098 5608 et
1110 5576 1165 5610 non
1172 5559 1307 5627 potnerit,
1332 5559 1458 5614 doctrina
1474 5558 1559 5611 vitam
1582 5556 1649 5627 ipsis
1671 5556 1841 5627 propositam
1860 5556 1941 5626 dicit,
1965 5556 2098 5611 nimirum
2118 5558 2172 5613 hoc

467 5643 590 5695 namium
608 5655 638 5692 se
655 5641 740 5708 plens
757 5640 827 5694 selis
845 5651 993 5708 cognoscat
1014 5649 1040 5695 et
1060 5649 1132 5708 oret,
1160 5651 1188 5696 ut
1205 5644 1305 5698 babeat
1331 5646 1427 5700 ordine
1444 5652 1473 5698 et
1489 5643 1586 5697 modo:
1604 5641 1728 5713 Erlegis
1740 5642 1867 5697 doctrina
1878 5648 1922 5698 est
1932 5643 2041 5714 peccati
2054 5644 2173 5715 agnitio,

468 5736 575 5783 tantam
603 5726 782 5791 voluntatem,
815 5735 921 5795 quanta
948 5728 1056 5794 sufficit
1090 5730 1132 5781 ad
1159 5729 1305 5798 implenda
1331 5732 1394 5787 ideo
1412 5731 1457 5785 lex
1471 5731 1651 5801 paedagogus
1663 5730 1698 5783 ad
1712 5728 1860 5794 Christum,
1873 5729 1998 5801 inquam
2009 5731 2061 5803 qui
2072 5731 2174 5801 credit,

455 5817 603 5871 ,misadato
622 5818 673 5868 etc.
695 5829 717 5864 c.
737 5817 780 5865 te:
801 5814 867 5884 Ipse
884 5814 935 5882 qui
950 5815 1030 5881 debit,
1049 5816 1076 5868 si
1090 5816 1222 5885 statueris,
1240 5836 1303 5871 con·
1333 5820 1512 5890 regeneratur
1536 5822 1565 5871 et
1580 5815 1750 5886 justificatur
1767 5815 1865 5887 (quam
1882 5816 2128 5888 regenerationem
2146 5825 2175 5874 et
