5017 6675
830 641 833 645 ’
886 689 939 744 nn
959 688 1177 746 4444444444
1193 691 1244 746 rr
1262 691 1565 753 nmsossrmnn
1824 766 1832 771 ,
2042 708 2080 768 ιι

375 847 517 900 mediator
544 845 605 899 Dei
631 851 659 898 et
684 843 826 898 hominnm
854 845 936 899 borso
965 847 1053 899 desns
1080 845 1389 914 cananaeorum
1413 867 1469 903 non
1490 850 1604 905 admisit
1627 853 1882 908 considerationem
1894 863 2083 928 peccatorum,

375 935 426 1004 qni
448 941 481 986 nt
502 932 555 985 boe
580 939 663 1000 esset,
687 928 786 1000 quibas
812 933 928 985 tandem
950 933 1011 985 anis
1033 934 1078 987 vel
1103 950 1217 1004 operum
1242 951 1347 988 causae
1367 936 1455 1005 ipitnr
1473 955 1528 991 non
1546 945 1612 992 sant
1627 940 1716 994 4114444
1733 942 1869 997 interitus.
1899 941 2062 1001 Rennechss
2053 962 2083 998 44
2185 939 2191 946 ’

374 1020 418 1074 vel
427 1017 1124 1089 fideipraeeedentibnsmsritsenatarabumana,
1145 1037 1218 1090 purae
1244 1025 1297 1075 cat.
1315 1027 1372 1075 aut.
1396 1039 1424 1091 p.
1442 1027 1488 1076 37:
1514 1024 1734 1092 Reprobationis
1758 1027 1840 1080 nulla
1863 1029 1924 1082 41144
1944 1046 2030 1082 cansa
2049 1045 2083 1084 en
2171 1077 2181 1093 ,

376 1106 405 1159 ιἰι
426 1105 480 1159 silo
499 1111 551 1169 est,
577 1103 772 1172 conparavit!
789 1108 840 1159 etc¹
879 1103 958 1158 Sicut
975 1121 1042 1173 erpo
1059 1107 1217 1174 praedesti-
1246 1107 1405 1176 Seriptnria
1418 1109 1556 1177 proferri
1573 1117 1600 1163 et
1619 1111 1763 1180 asaipnori
1779 1120 1885 1182 potest,
1905 1130 1988 1183 qnam
2000 1116 2083 1184 jaste

375 1198 460 1245 44444444
487 1196 529 1243 est
554 1189 605 1242 ille
631 1206 718 1257 ιιιιιιι,
743 1195 775 1242 at
799 1198 886 1259 caput
908 1198 1037 1244 nostrum
1063 1199 1149 1245 meet.-
1175 1192 1217 1246 ita
1244 1200 1271 1247 et
1288 1195 1402 1248 immota
1421 1195 1481 1250 Dei
1497 1195 1640 1265 voluntas,
1668 1200 1746 1266 qnod
1767 1199 1877 1267 ipsein
1894 1206 2010 1255 aetmno
2030 1201 2082 1256 illo

374 1277 459 1331 malti
470 1274 683 1346 praedestinati
699 1293 803 1344 samar,
823 1283 854 1330 nt
870 1278 995 1331 membra
1012 1279 1075 1347 ejns
1089 1295 1215 1334 essemus.
1244 1287 1270 1333 et
1288 1298 1395 1334 arcano
1414 1281 1533 1337 consilio
1550 1282 1662 1351 aliquos
1679 1283 1803 1338 homines
1821 1293 1936 1340 aeterno
1954 1288 2038 1341 esitio
2056 1296 2083 1342 et

376 1364 514 1417 Hansana
540 1363 586 1416 bic
616 1362 716 1416 merita
748 1363 948 1433 conticescant,
977 1380 1049 1433 qnae
1071 1366 1217 1434 perierunt
1243 1366 1385 1435 supplicio
1405 1383 1437 1419 ιιι
1454 1384 1514 1420 sese
1534 1376 1559 1421 ct
1571 1376 1693 1438 propter
1710 1387 1739 1422 se
1759 1371 1977 1440 adjudicaverit.
2004 1374 2083 1429 Idem

372 1467 429 1520 per
446 1450 559 1518 Adam,
582 1455 609 1502 st
625 1456 733 1517 rspnet,
751 1466 825 1518 orsae
841 1457 958 1520 repnat,
975 1451 1035 1504 Dei
1052 1452 1148 1518 pratia
1161 1470 1217 1521 per
1244 1469 1277 1506 ex
1303 1451 1484 1507 Rennechero
1513 1454 1614 1525 repetit
1643 1455 1775 1511 Bucanus
1801 1456 1863 1511 loco
1893 1463 1934 1512 36.
1965 1477 1993 1529 p.
2024 1466 2082 1516 403.

378 1536 479 1588 Jesnm
511 1534 651 1617 Obmstum
681 1535 836 1589 Dominam
864 1545 990 1590 nonnam
1020 1537 1133 1590 unicum
1160 1539 1219 1592 Dei
1243 1537 1344 1593 Piscat.
1365 1538 1504 1594 Herborn
1532 1557 1617 1612 super
1641 1546 1664 1596 2.
1683 1540 1763 1599 Rom.
1783 1561 1810 1614 p.
1829 1548 1876 1599 434
1905 1543 1981 1606 Quos
1996 1563 2083 1616 prae·

379 1621 487 1676 11414444
505 1626 558 1676 etc
633 1625 636 1633 '
846 1634 849 1640 ⁴
1244 1625 1395 1680 destinavit
1407 1626 1488 1679 Deva
1507 1628 1548 1680 ad
1565 1627 1686 1697 critiam,
1706 1646 1762 1681 non
1774 1631 2000 1698 praedestinavit
2013 1649 2083 1702 pro-

291 1713 342 1752 ¹⁴⁸·
414 1713 457 1764 43.
492 1705 628 1778 specialis
646 1706 722 1761 illius
732 1706 788 1762 Dei
805 1706 921 1779 gratiae,
938 1723 995 1778 qua
1013 1706 1112 1780 deligit
1130 1707 1216 1763 homi·
1241 1718 1307 1781 pter
1333 1712 1459 1781 ipsoram
1486 1715 1630 1783 offensas5
1663 1717 1802 1782 quomodo
1832 1718 1905 1770 enim
1928 1726 2084 1786 potuerunt

293 1816 363 1854 esus
377 1810 428 1849 441
451 1793 489 1847 ad
513 1794 598 1847 444444
622 1798 777 1860 aeternam
804 1793 1013 1849 tundamentum
1037 1801 1080 1849 est
1104 1794 1218 1852 JESUS
1245 1815 1305 1850 eum
1324 1799 1479 1868 offendere,
1499 1800 1690 1868 qainondam
1709 1808 1790 1853 erant
1807 1801 1890 1856 nati!
1913 1805 1966 1856 sed
1983 1821 2081 1874 repro·

304 1867 333 1906 '¹
378 1877 566 1935 CHRISTUS
595 1876 780 1953 assessores
802 1895 867 1933 cum
893 1880 968 1934 omni
994 1896 1045 1935 suo
1067 1881 1165 1936 merito
1190 1889 1217 1937 et
1245 1883 1320 1937 bavit
1339 1901 1385 1937 eos
1405 1901 1438 1937 ec
1458 1884 1524 1938 odio
1542 1884 1623 1950 libro,
1641 1903 1727 1955 eoque
1743 1894 1840 1941 sancto
1858 1906 1893 1942 ac
1905 1889 1994 1958 justo.

291 1927 328 2010 ⁸⁸·-
378 1965 569 2046 satisfactione
594 1965 798 2033 consideratus,
826 1964 928 2036 Ephee.
956 1972 983 2034 1,
1012 1985 1037 2020 4.
1062 1973 1091 2023 44
1120 1968 1217 2038 Eleps‘t
1280 1975 1321 2025 55.
1363 1968 1495 2036 Quamvis
1519 1986 1585 2024 vero
1613 1969 1641 2023 44
1665 1987 1698 2026 eo
1725 1989 1819 2026 omues
1846 1973 2024 2040 conveniant,
2052 1968 2189 2060 etm‘m'

291 2024 357 2112 inii
378 2072 431 2108 nos
446 2053 569 2107 Dens
555 2071 587 2107 ιιι
605 2053 725 2108 Christo.
761 2051 906 2122 Vicissim,
932 2053 999 2125 quia
1016 2052 1118 2108 Christi
1136 2053 1216 2109 meri-
1244 2055 1387 2111 electionis
1406 2059 1446 2110 et
1451 2056 1652 2126 reprobationis
1668 2057 1810 2114 decretum
1829 2076 1889 2115 esse
1908 2060 2080 2131 absolutum,
2092 2021 2205 2121 liseria.

292 2133 353 2172 ²⁸¹*
378 2147 438 2194 tum
463 2139 571 2210 absque
596 2138 783 2210 applicatione
808 2138 912 2193 nemini
940 2141 1067 2213 prodest,
1093 2139 1157 2193 ideo
1184 2155 1217 2193 ex
1243 2140 1385 2196 tamenin
1409 2141 1576 2214 quibusdam
1602 2142 1775 2198 dissentiunt.
1813 2150 1835 2200 1.
1864 2144 1983 2211 Quidam
2008 2147 2081 2203 enim

291 2237 308 2266 ²
380 2232 480 2283 natura
496 2226 646 2281 relatorum
663 2224 767 2280 mentio
778 2224 909 2279 Christi
901 2243 931 2278 ιιι
948 2225 1085 2281 electione
1100 2225 1218 2280 includit
1244 2228 1385 2300 objectum
1406 2228 1548 2283 electionis
1574 2234 1602 2284 et
1624 2229 1825 2300 reprobationis
1844 2231 2015 2286 constituunt
2032 2233 2080 2287 ho·

380 2314 521 2369 notionem
542 2311 609 2367 fidei
634 2309 775 2374 Christum
798 2311 998 2382 amplectentis.
1033 2318 1057 2367 2.
1073 2311 1170 2367 Τ4444.
1193 2316 1217 2376 2,
1245 2313 1331 2367 mines
1356 2317 1481 2368 nondam
1503 2316 1645 2383 conditos,
1678 2323 1710 2370 ut
1730 2315 1808 2370 Besa
1828 2331 1900 2386 resp.
1921 2317 2080 2374 14414411.

382 2419 407 2456 4.
429 2405 468 2456 13.
487 2404 517 2454 44
536 2403 580 2455 144
601 2398 699 2466 Elepit
714 2416 766 2451 nos
786 2399 867 2451 Deus
884 2399 921 2450 ab
938 2399 1020 2452 initio
1041 2400 1082 2451 ad
1098 2399 1216 2452 salrdem
1244 2399 1346 2470 Momp.
1364 2418 1391 2471 p.
1415 2406 1476 2469 1483
1498 2400 1612 2472 quidam
1637 2417 1702 2456 vero
1726 2401 1889 2471 πρόγνωσιν
1913 2403 2011 2474 lapsas
2027 2404 2081 2460 ele-

382 2487 412 2540 in
428 2485 651 2553 sanctificatione
668 2484 795 2554 Spiritus
815 2492 842 2537 et
853 2486 917 2552 fids
936 2485 1069 2538 veritatis
1088 2483 1217 2555 Denique
1244 2486 1343 2541 ationis
1362 2491 1390 2542 et
1408 2486 1609 2558 reprobationis
1629 2487 1740 2542 decreto
1760 2487 1947 2557 substernunt,
1966 2496 1998 2545 ut
2014 2490 2081 2548 Per·

291 2576 316 2616 1
330 2575 370 2618 114
383 2573 449 2645 quia
477 2571 591 2644 quidam
621 2570 712 2626 renati
742 2569 865 2642 peccatis
896 2575 992 2626 444144
1021 2570 1216 2625 conscientiam
1244 2572 1340 2627 1444444
1361 2573 1396 2629 de
1415 2574 1554 2644 praedest
1574 2591 1602 2643 p.
1625 2578 1664 2629 11.
1691 2572 1823 2632 Keherm.
1848 2574 1897 2628 lib.
1919 2581 1943 2630 3.
1962 2577 2080 2676 system.

382 2660 465 2714 fidem
483 2658 626 2714 excutiunt
649 2664 677 2712 et
701 2674 730 2713 se
754 2657 829 2727 ipsos
852 2657 911 2710 4444
928 2661 1041 2711 aeterna
1059 2652 1217 2719 4441441444,
1243 2658 1325 2714 theol.
1346 2675 1369 2713 c.
1393 2665 1413 2714 1.
1432 2678 1459 2729 p.
1478 2663 1536 2714 300.
1564 2658 1670 2713 Busan.
1689 2652 1750 2715 1444
1771 2664 1811 2714 36.
1838 2678 1866 2731 p.
1885 2667 1949 2732 400;
1978 2667 2002 2718 2.
2022 2662 2082 2734 qui·

384 2747 445 2802 ideo
462 2743 694 2816 perseverantia
685 2761 715 2796 1n
732 2741 788 2797 fide
810 2741 891 2796 simul
903 2741 954 2796 hoc
965 2741 1026 2797 loco
1037 2742 1217 2814 intelligenda
1244 2746 1308 2800 dam
1326 2746 1488 2817 simpliciter
1504 2731 1615 2810 dicunt,
1632 2748 1858 2816 reprobationem
1876 2767 1933 2802 non
1949 2765 1981 2802 sc
1993 2767 2080 2819 prae-

383 2838 432 2902 est,
448 2831 549 2886 hlatth.
571 2836 659 2899 10,v
640 2834 733 2885 4224
763 2828 821 2890 Qui
831 2829 1055 2898 perseveraverit
1072 2845 1157 2897 usqne
1178 2830 1219 2881 ad
1243 2833 1310 2886 visis
1328 2833 1412 2886 matis
1432 2832 1573 2901 operibrrs,
1602 2833 1654 2885 sed
1670 2850 1703 2886 ec
1721 2834 1784 2886 sola
1803 2840 1831 2887 et
1849 2833 1939 2887 libera
1958 2835 2019 2887 Dei
2033 2852 2081 2890 vo·

291 2897 370 2989 w
377 2920 478 3016 finem,
505 2917 602 2971 salmes
628 2917 688 2970 erit.
730 2914 807 2969 Finis
831 2913 975 2970 electionis
998 2913 1105 2970 4414444
1130 2914 1216 2969 nostri
1243 2920 1351 2972 tentate
1363 2919 1496 2988 pendere,
1506 2921 1539 2971 ut
1551 2916 1653 2974 Zancb
1662 2918 1762 2973 414444
1773 2919 1827 2975 Der
1839 2919 1886 2974 144
1900 2926 1924 2975 5.
1938 2925 2078 3005 c.2part.

383 3004 509 3104 geminus
529 3008 580 3067 444,
596 3002 701 3075 primus
720 3001 756 3055 ad
773 3000 844 3055 hanc
861 3000 947 3055 444444
959 3001 1071 3071 relatus,
1087 3001 1217 3057 videlicet
1245 3011 1268 3060 4
1287 3003 1321 3058 Β.
1344 3004 1380 3057 441
1400 3003 1500 3074 object.
1521 3009 1565 3074 14·
1593 3003 1706 3074 quidam
1730 3022 1794 3060 vero
1813 3006 1985 3062 ’44444414441
2010 2996 2079 3062 duos

382 3099 413 3144 at
435 3091 524 3144 simas
546 3090 639 3143 sancti
663 3096 689 3142 et
711 3088 971 3158 irreprehensibiles
990 3088 1060 3158 Eph.
1088 3092 1114 3157 1,
1141 3106 1167 3141 4.
1192 3095 1217 3152 4,
1244 3089 1444 3161 reprobationis
1464 3096 1551 3156 actus,
1571 3109 1656 3144 anum
1673 3092 1840 3162 nepotivnm,
1858 3095 1979 3148 alteram
1996 3094 2080 3164 affir-

384 3177 520 3232 secundns
538 3176 576 3231 sd
592 3176 679 3230 44444
697 3180 838 3232 44144444
857 3179 998 3246 spectans,
1023 3180 1118 3228 nostra
1134 3174 1216 3246 glori·
1244 3178 1389 3247 motivnm3
1406 3176 1526 3249 priorem
1541 3194 1601 3233 esse
1619 3177 1776 3231 absolutam
1788 3177 1892 3249 dicunt,
1901 3180 2080 3251 posteriorem

382 3263 475 3318 ficatio
493 3268 522 3318 et
539 3263 614 3317 salus
635 3268 656 3318 1.
668 3261 764 3318 'lhesa
784 3269 809 3332 5,
827 3280 852 3317 4,
871 3267 895 3331 0,
914 3261 1021 3316 ratione
1032 3260 1086 3316 Dei
1104 3260 1217 3316 ultimus
1243 3279 1308 3317 vero
1327 3270 1479 3332 respectum
1499 3263 1640 3316 continere
1667 3265 1708 3316 ad
1719 3271 1855 3333 peccata,
1880 3270 1912 3319 ut
1928 3264 2079 3331 Perlsinsus

381 3349 523 3407 electionis
549 3349 613 3404 linis
637 3354 680 3405 est
703 3349 795 3419 ipsias
819 3349 930 3418 pierio,
955 3347 1056 3419 Ephes.
1084 3355 1114 3419 1,
1138 3366 1164 3403 4.
1193 3354 1215 3403 0.
1244 3352 1280 3406 de
1296 3350 1435 3423 praedest.
1453 3369 1481 3421 p.
1497 3355 1537 3405 25.
1567 3349 1721 3405 ’1441444444
1738 3350 1767 3404 in
1784 3351 1852 3405 locis
1870 3369 1897 3422 p.
1917 3357 1962 3422 2ος
1982 3358 2006 3408 3.
2019 3355 2078 3427 qui·

381 3436 460 3493 Haec
484 3435 579 3492 omnia
601 3454 635 3491 ex
662 3434 843 3508 sequentibus
866 3433 976 3505 plenius
995 3441 1024 3489 et
1042 3434 1152 3506 planius
1169 3453 1215 3507 po·
1245 3438 1308 3493 dam
1334 3443 1439 3510 negant
1465 3454 1523 3491 esse
1552 3439 1664 3490 easdem
1690 3454 1791 3490 caaeas
1820 3439 2027 3507 reprobationis
2053 3449 2079 3497 et
2092 3447 2131 3491 11.
2146 3446 2192 3506 lta.

381 3528 476 3579 444-4444
491 3519 618 3594 intelligi
714 3541 718 3549 ’
1245 3524 1451 3594 damnationis,
1469 3528 1501 3577 44
1520 3523 1594 3577 Beza
1610 3540 1683 3593 resp.
1703 3527 1726 3577 2.
1748 3523 1785 3577 441
1804 3523 1865 3580 coll.
1885 3541 1911 3594 p.
1933 3529 1995 3594 161;
2020 3524 2080 3597 qui-

347 3639 357 3651 ·
418 3616 460 3665 54
493 3607 628 3664 Calvinus
653 3611 682 3662 44
707 3606 755 3679 qui
779 3606 871 3677 ipsum
892 3611 1046 3677 sequnntur
1063 3606 1217 3662 absolutam
1244 3611 1309 3664 dam
1330 3627 1396 3665 vero
1420 3609 1589 3677 concedunt,
1615 3625 1649 3663 ex
1673 3608 1784 3663 decreto
1805 3608 1854 3664 illo
1877 3609 2080 3680 reprobationis

341 3692 360 3753 '.
383 3695 557 3768 quorundam
581 3693 724 3749 hominum
753 3693 917 3748 electionem
944 3698 972 3747 et
996 3692 1217 3763 reprobationem
1245 3696 1478 3765 absolataessqni
1491 3694 1675 3748 desertionem
1689 3696 1974 3764 pratiae,peccataet
1987 3698 2080 3766 speum

305 3804 312 3817 ·
383 3782 490 3837 docent
525 3780 571 3837 Sic
593 3779 667 3835 enim
687 3778 795 3834 Calvin.
820 3784 843 3834 3.
868 3778 985 3832 institut.
1008 3794 1031 3832 c.
1057 3783 1098 3834 22.
1124 3776 1150 3853 ξ.
1174 3785 1218 3833 114
1245 3783 1466 3848 damnationem,
1494 3786 1527 3835 ut
1550 3780 1686 3834 Zanchius
1710 3779 1740 3834 in
1766 3779 1917 3839 Miscellan
1944 3781 1992 3836 fol.
2019 3788 2078 3842 220.

384 3869 419 3923 Si
442 3886 499 3922 non
513 3866 655 3936 possimne
671 3865 810 3918 rationem
826 3866 960 3933 reddere,
985 3882 1036 3918 cnr
1056 3866 1136 3918 Deus
1155 3882 1219 3918 suos
1244 3868 1346 3924 Piscat.
1364 3868 1398 3922 de
1416 3867 1583 3942 praedestin.
1604 3866 1673 3922 thes.
1692 3872 1733 3922 02.

382 3952 579 4009 misericordia
613 3952 758 4024 dipnetnr,
795 3950 854 4003 nisi
881 3950 1014 4019 qnoniam
1041 3950 1089 4003 illi
1114 3950 1218 4019 placet,
1280 3960 1322 4011 56.
1356 3953 1398 4007 Ex
1423 3953 1466 4006 his
1489 3952 1572 4008 facile
1598 3952 1721 4051 intelligi
1742 3957 1848 4050 potest,
1878 3952 1945 4024 quid
1969 3952 2080 4009 nomine
2094 3952 2153 4004 oute
2166 3953 2198 3994 ¹¹2

381 4056 469 4110 neone
493 4038 578 4093 etiam
600 4039 631 4091 in
655 4038 723 4091 alit's
746 4037 934 4107 reprobandis
952 4037 1037 4090 alind
1053 4037 1219 4104 babebimus,
1246 4039 1367 4096 absoluti
1380 4039 1483 4093 decreti
1500 4038 1673 4109 intelligant,
1694 4038 1823 4092 nimirum
1840 4042 1973 4107 44414444,
1987 4039 2079 4095 Deum
2092 4004 2192 4095 1441140114-

382 4144 467 4197 pam
483 4126 546 4194 ejvs
563 4123 741 4179 volantatem
779 4122 848 4176 mn
867 4123 942 4176 enim
956 4124 1036 4177 Dens
1054 4123 1160 4177 dicitnr
1176 4124 1220 4176 ost
1245 4128 1281 4183 ab
1299 4132 1411 4181 aeterno
1434 4123 1488 4178 sibi
1507 4125 1683 4195 proposuisse
1708 4124 1843 4196 quosdam
1861 4123 1984 4180 homines
2003 4125 2079 4180 dam-
2093 4111 2188 4147 “m

382 4215 520 4267 indurare
542 4210 586 4264 vel
609 4209 806 4264 misericordia
820 4210 968 4279 prosequi,
996 4226 1076 4279 quon
1093 4210 1219 4288 volverit,
1245 4231 1320 4277 nare,
1334 4210 1469 4283 quosdam
1480 4209 1595 4278 salvare,
1607 4216 1692 4281 atque
1704 4209 1826 4265 essehoc
1837 4210 1956 4280 primum
1967 4210 2022 4265 Dei
2032 4211 2079 4267 de·

382 4317 414 4354 eo
431 4301 618 4354 admonenda·
637 4296 768 4360 homines,
786 4296 859 4349 nibil
878 4312 981 4349 causae
994 4304 1217 4365 qnanmeectra
1245 4304 1364 4365 cretum3
1395 4297 1463 4352 illud
1490 4297 1630 4350 (14444444
1655 4301 1687 4349 44
1712 4295 1881 4351 exsecutioni
1899 4296 1960 4353 dari
1977 4300 2078 4368 posset,

380 4388 443 4457 ejas
461 4385 641 4440 volantatem.
670 4382 746 4438 Beza
764 4399 848 4452 super
871 4387 895 4437 0.
913 4382 1046 4437 Roman:
1071 4383 1152 4436 Dens
1174 4399 1214 4435 re·
1245 4387 1308 4441 ideo
1329 4385 1420 4440 Deum
1437 4381 1605 4448 decrevisse,
1629 4387 1661 4435 ut
1677 4375 1759 4450 primi
1776 4381 1901 4436 homines
1921 4385 2078 4453 peccarent,

375 4472 484 4544 probos
508 4471 574 4524 odio
597 4469 680 4523 babet
702 4471 827 4522 nondam
850 4476 933 4521 natos
951 4475 978 4521 et
998 4467 1078 4521 nullo
1097 4468 1218 4536 indipni·
1245 4487 1351 4544 suoque
1374 4472 1455 4541 lapsu
1480 4483 1509 4522 se
1536 4471 1565 4522 et
1589 4483 1684 4521 omnes
1709 4473 1833 4537 posteros
1859 4472 1973 4523 aeterno
1996 4468 2079 4524 exitio

379 4560 449 4614 tets‘s
480 4564 607 4627 respecta
639 4556 722 4610 esitio
753 4555 911 4609 destinavit.
956 4555 1036 4609 Idem
1065 4554 1167 4609 volum.
1195 4561 1216 4610 1.
1245 4558 1427 4619 involverent,
1453 4554 1506 4608 hoc
1531 4570 1592 4609 esse
1611 4551 1690 4624 quasi
1714 4552 1833 4607 alterum
1850 4553 1905 4609 Dei
1923 4554 2078 4626 decretum3

380 4662 496 4717 operum
519 4643 586 4698 folio
604 4648 668 4698 4114
709 4643 790 4704 Quod
813 4641 943 4710 4444ρἱ44,
967 4642 1062 4694 Deam
1081 4658 1138 4695 non
1157 4648 1217 4693 ton·
1245 4663 1278 4699 ex
1298 4644 1428 4697 damnata
1444 4640 1494 4694 illa
1516 4638 1602 4693 totius
1619 4638 1729 4710 generis
1748 4638 1861 4693 humani
1879 4656 1970 4694 massa
1988 4640 2079 4695 Deum

380 4740 438 4785 tum
456 4732 498 4784 ad
514 4729 734 4797 damnationem,
750 4730 803 4782 sed
820 4728 904 4781 etiam
922 4728 964 4781 ad
981 4744 1083 4780 caveas
1100 4729 1216 4793 damna·
1245 4728 1379 4801 quosdam
1398 4726 1525 4781 absoluta
1543 4723 1645 4807 gratia,
1660 4724 1746 4779 idest
1765 4740 1942 4796 quoscunque
1958 4724 2079 4797 libuerit,

379 4820 466 4874 tionis
490 4815 721 4887 praedestinasse
753 4830 929 4884 praecanere
960 4813 1087 4880 libuerit,
1124 4830 1214 4867 verum
1245 4814 1375 4885 selegisse
1395 4818 1425 4867 et
1448 4811 1502 4866 illis
1520 4810 1661 4866 Christum
1687 4811 1876 4876 mediatorem,
1895 4810 2079 4879 praedicatio-

379 4921 439 4960 esse
461 4903 645 4972 apnmcimns.
681 4899 818 4956 Zanehius
844 4907 867 4956 5.
893 4899 928 4953 414
950 4905 1041 4953 natur.
1065 4896 1119 4954 Dei
1144 4916 1167 4955 c.
1192 4904 1215 4954 2.
1244 4919 1307 4957 nem
1327 4898 1403 4955 verbi
1427 4905 1455 4953 et
1478 4897 1562 4952 fidem
1586 4897 1741 4965 ordinasse,
1768 4904 1800 4951 ut
1823 4912 1872 4966 per
1896 4894 1964 4949 baec
1986 4897 2079 4952 media

378 5008 446 5063 pag.
475 4995 541 5045 ’1134
583 4990 684 5042 Totam
718 4987 958 5057 reprobationem,
995 4987 1048 5040 hoc
1085 4993 1126 5039 est
1161 4993 1217 5039 tvm
1244 4987 1341 5043 salutis
1365 4984 1435 5039 fiant
1457 4982 1621 5054 participes,
1650 4983 1703 5037 hoc
1720 5000 1780 5038 esse
1796 4981 1876 5052 quasi
1893 4981 2007 5035 tertium
2026 4982 2079 5039 Dei

379 5077 561 5147 rejectionem
598 5093 617 5128 a
645 5075 741 5143 pratia
769 5082 796 5128 et
823 5073 932 5143 ploria,
969 5081 1026 5127 tum
1056 5074 1216 5128 destinatio·
1245 5076 1400 5138 decretum,
1418 5070 1538 5142 denique
1556 5070 1691 5141 reliquam
1709 5067 1938 5122 innumerabilem
1956 5068 2079 5125 multitu·
2162 5117 2170 5130 ,

378 5181 442 5219 nese
468 5165 512 5217 ad
537 5163 658 5216 4144144444
682 5168 708 5215 et
734 5162 775 5213 ad
803 5160 877 5214 iram
904 5159 981 5228 Dei,
1017 5160 1069 5213 boc
1094 5167 1152 5229 est,
1187 5169 1218 5214 nt
1245 5152 1339 5214 dinem
1360 5176 1392 5213 ex
1409 5156 1537 5211 absoluto
1553 5155 1608 5210 Dei
1628 5155 1704 5221 odio,
1724 5154 1753 5208 id
1771 5157 1821 5223 est,
1839 5153 1905 5224 quia
1920 5154 1974 5225 ipsi
1991 5155 2031 5209 ita
2047 5156 2078 5209 li·

379 5257 471 5305 eesent
505 5264 575 5301 vasa
602 5246 665 5300 irae
700 5253 726 5299 et
753 5262 823 5298 vasa
852 5245 882 5298 in
911 5244 1119 5313 contumeliam,
1155 5262 1216 5299 eon·
1246 5246 1349 5313 buerit,
1377 5261 1395 5298 a
1417 5244 1506 5299 salute
1530 5249 1559 5297 et
1583 5241 1680 5298 mediis
1699 5240 1795 5295 salutis
1811 5242 1957 5311 rejectam,
1983 5247 2079 5296 contra

379 5336 520 5392 mdimas
552 5350 613 5386 eum
643 5330 790 5401 apostolo,
828 5347 860 5384 ee
891 5330 956 5385 sola
987 5330 1047 5383 Dei
1078 5331 1218 5385 volontate
1245 5348 1310 5387 reso
1332 5331 1368 5386 ad
1387 5334 1502 5401 peccata
1524 5333 1552 5383 et
1568 5343 1666 5383 causas
1688 5327 1872 5382 damnationis
1890 5327 2078 5397 praedestina-

376 5425 511 5494 pendere.
560 5418 670 5472 Ibidem
698 5434 725 5487 p.
757 5421 823 5471 6204
864 5416 1100 5485 Reprobationem
1125 5435 1217 5471 eonse-
1244 5427 1302 5473 tam
1319 5433 1392 5483 esse,
1417 5421 1502 5487 atque
1523 5413 1576 5468 hoc
1593 5429 1653 5467 esse
1670 5413 1750 5485 quasi
1767 5420 1897 5486 quartum
1917 5414 1971 5467 Dei
1987 5413 2078 5470 decre·

378 5511 476 5580 pisina
508 5504 656 5573 denepatio
684 5502 814 5572 pretias,
843 5501 915 5555 banc
939 5510 1074 5571 peccota·
1099 5513 1217 5573 peccato
1244 5512 1319 5574 tum3
1348 5519 1431 5574 quam
1457 5499 1606 5573 genuinam
1633 5514 1693 5553 esse
1715 5500 1831 5557 istorum
1854 5499 1995 5555 hominum
2018 5516 2079 5555 aen·

374 5609 487 5665 poenae
508 5599 708 5662 peccatoram
733 5590 775 5642 ad
796 5603 868 5656 orsae
892 5588 988 5641 omnia
1002 5591 1219 5657 praeordinavit
1244 5590 1359 5648 tentiam
1378 5586 1483 5643 cordati
1500 5602 1556 5639 non
1573 5583 1723 5656 negabunt.

379 5683 461 5735 Dens
485 5679 622 5747 reprobos
648 5677 684 5729 ab
709 5674 786 5730 omni
811 5672 985 5728 aeternitate.
1022 5673 1100 5728 idem
1120 5674 1149 5727 in
1166 5674 1218 5728 Mi-

378 5767 455 5823 44411
482 5783 511 5836 p.
538 5769 602 5820 3024
630 5763 712 5815 Dens
740 5760 866 5819 absalme
893 5758 967 5827 44411,
986 5758 1098 5815 ’4144444
1125 5760 1219 5813 salvos

370 5854 445 5925 steri
470 5858 497 5905 et
516 5850 642 5905 absalme
659 5848 758 5902 itidem
777 5846 850 5913 44411,
875 5844 1011 5914 reprobor
1029 5862 1085 5900 nos
1101 5845 1219 5899 savari

378 5933 704 6014 Zegedininhbbp.
723 5937 787 5989 121.
808 5916 1217 5988 Derainebsobstansanm

1559 5812 1766 5822 ——.-—.
