5017 6675
458 515 463 523 ¹
515 507 576 567 soa
631 482 632 485 ‘
1208 491 1333 554 cocus
1351 490 1526 599 neonem

549 661 590 713 tt.
624 654 668 709 Ex
687 654 731 708 his
754 652 881 711 omnibns
904 659 1033 725 apparet,
1060 659 1168 709 vetares
1194 653 1230 707 ab
1252 653 1350 723 Augu·
1380 651 1574 705 Bettarminus
1593 653 1629 705 de
1648 651 1824 720 quotidianis
1842 651 1970 721 pacatis
1987 651 2158 722 amictibus,
2182 654 2219 708 de

514 742 587 797 atino
611 747 708 798 oonha
730 740 876 812 Pelagium
894 739 1027 810 allegatos
1051 738 1304 808 concupiscentiam
1321 739 1349 792 in
1377 738 1519 802 pronitate
1538 740 1579 791 ad
1597 738 1717 806 molum,
1745 739 1781 790 do
1803 737 1984 806 corruptions
2002 745 2028 790 ct
2045 739 2082 791 da
2099 740 2217 793 ordina·

515 827 618 882 renatis
628 825 764 898 reliquam
777 844 888 881 vocare:
909 831 932 881 1.
944 832 1097 895 peceatum,
1117 831 1140 882 2.
1155 824 1349 888 infirmitatem,
1378 823 1452 875 tione
1470 825 1594 892 quaedam
1619 831 1753 889 naturae,
1779 825 1815 876 de
1840 823 2003 891 infirmitate
2026 824 2218 878 materialiter

515 919 539 969 3.
557 912 741 985 iniquitatem,
760 920 783 968 t.
797 911 896 979 labem,
915 919 940 966 5.
957 910 1044 964 malos
1061 917 1160 975 motus,
1179 914 1201 964 6.
1218 910 1286 963 vitia
1302 926 1349 964 na·
1377 915 1484 961 tantam
1506 909 1565 976 legi
1581 909 1703 961 adverso
1722 913 1786 974 ete,
1812 925 1930 976 marum
1947 909 2020 962 nibil
2032 910 2155 979 propris
2170 912 2216 979 sit,

510 1006 604 1064 turae,
635 1005 659 1056 7.
679 998 888 1052 delectationem
914 996 1008 1050 divino
1025 996 1157 1050 mandato
1175 996 1349 1060 contrariam,
1377 992 1426 1045 scd
1456 993 1519 1062 ipsa
1552 993 1689 1048 dictorum
1718 993 1858 1049 evidentia
1889 1012 1940 1065 pro
1968 995 2049 1049 nobis
2075 996 2216 1067 loquatur.

514 1091 537 1141 8.
555 1084 613 1139 tale
634 1083 753 1150 malum,
780 1081 854 1151 qnod
878 1088 1015 1152 repugnet
1032 1082 1220 1152 legilmentis,
1248 1088 1271 1135 9.
1293 1080 1349 1134 tale
1378 1080 1400 1130 6.
1424 1077 1551 1132 Tandem
1576 1085 1697 1133 atrocem
1723 1079 1803 1133 addit
1829 1080 2010 1150 calumniam,
2036 1083 2216 1136 Marones

512 1170 630 1232 malum,
661 1169 739 1238 cujus
766 1177 859 1222 reatus
886 1168 915 1220 in
938 1166 1077 1236 baptismo
1099 1166 1243 1232 remissus,
1270 1171 1349 1220 actua
1376 1172 1507 1232 statuere,
1526 1166 1602 1232 qaod
1619 1164 1714 1217 omnio
1725 1173 1887 1219 renatorum
1900 1183 1987 1235 opera
2003 1169 2060 1222 sint
2078 1171 2216 1224 mortalia

512 1272 578 1310 vero
602 1267 707 1320 manet,
736 1260 775 1313 10,
800 1253 1008 1323 propterquod
1033 1269 1149 1322 corpora
1175 1257 1269 1306 nostra
1294 1252 1349 1304 sint
1373 1258 1499 1318 peccato.
1535 1249 1592 1305 Sed
1615 1250 1677 1320 quis
1705 1258 1829 1305 nostrum
1852 1252 1893 1306 ita
1912 1263 2034 1323 unquam
2054 1253 2150 1308 docuit
2169 1254 2215 1309 vel

512 1341 633 1398 omnium
651 1339 780 1393 vitiorum
797 1338 921 1406 materia,
945 1345 983 1393 tl.
1003 1337 1135 1391 malitiam
1151 1354 1200 1407 per
1216 1336 1349 1413 conditio-
1376 1334 1503 1404 scripsit?
1531 1335 1677 1403 docemus,
1701 1336 1793 1391 omnia
1811 1336 1920 1406 piorum
1938 1355 2022 1409 opera
2039 1356 2101 1394 ease
2119 1347 2213 1395 eonta-

512 1443 575 1481 nem
593 1425 745 1479 communis
769 1423 883 1495 originis
901 1422 982 1477 nobis
1001 1421 1204 1489 inhaerentem,
1234 1427 1274 1476 12.
1293 1438 1348 1475 ma·
1376 1420 1481 1475 minata
1501 1428 1528 1476 et
1545 1422 1700 1491 immunda,
1718 1423 1767 1476 sed
1785 1431 1901 1493 peecata
1920 1424 2047 1478 mortalis
2064 1442 2125 1481 essa
2143 1445 2212 1482 nnn·

512 1512 585 1578 lum,
609 1519 722 1581 propter
746 1510 821 1580 quod
840 1525 940 1577 eorpus
958 1508 1065 1577 piorum
1083 1513 1126 1561 est
1143 1507 1234 1560 adhuc
1250 1524 1350 1577 corpus
1377 1524 1459 1578 quam
1479 1508 1638 1576 docuimus,
1657 1508 1791 1579 quinimo
1809 1526 1872 1563 cum
1884 1509 2069 1579 Bellarminus
2080 1512 2210 1582 fateatur,

513 1597 623 1658 mortis,
662 1601 702 1651 13.
732 1594 845 1665 propria
873 1594 942 1646 vitia
978 1610 1010 1647 aa
1044 1593 1168 1662 corporis
1198 1591 1349 1662 passiones,
1378 1611 1427 1646 nos
1447 1594 1565 1648 retinere
1583 1594 1730 1650 discrimen
1745 1595 1818 1651 inter
1835 1603 1951 1666 peccata
1964 1597 2086 1652 venialia
2100 1606 2129 1654 et
2142 1617 2212 1655 mor-

516 1690 555 1738 14.
574 1681 632 1736 tale
655 1681 773 1748 malum,
798 1696 831 1734 ex
851 1696 906 1749 qno
926 1679 1009 1733 etiam
1027 1679 1107 1732 liberi
1125 1686 1284 1732 renatorum
1302 1694 1349 1730 na·
1377 1679 1444 1733 talia
1464 1679 1525 1734 libr.
1549 1686 1569 1734 1.
1588 1680 1623 1734 de
1642 1680 1735 1734 amisa.
1754 1688 1824 1751 grat.
1844 1688 1872 1735 et
1889 1688 1953 1736 stat
1974 1700 2052 1753 pecc.
2071 1701 2096 1738 c.
2114 1692 2138 1754 t,
2157 1702 2212 1756 qna

432 1804 439 1820 .
479 1805 485 1819 .
512 1773 627 1822 seuntur
643 1775 758 1837 peccato
785 1764 912 1836 originali
938 1763 1062 1832 obnoxii,
1088 1769 1127 1818 15.
1145 1763 1348 1833 propterquod
1377 1766 1545 1820 conscientia
1556 1773 1648 1834 potest
1661 1766 1762 1834 dicere,
1781 1766 1872 1821 omnia
1884 1767 1992 1837 piorum
2006 1770 2212 1839 oparaanobis

510 1854 540 1906 in
562 1853 614 1907 hac
640 1853 699 1906 vita
725 1868 780 1905 nou
806 1868 901 1904 sumus
926 1848 1049 1919 perfecte
1066 1849 1162 1902 mundi
1179 1857 1230 1902 etc.
1276 1848 1349 1913 Quid
1377 1861 1492 1922 peecata
1509 1853 1637 1907 mortalia
1650 1853 1766 1908 vocari?
1784 1854 1832 1925 qui
1848 1855 1985 1925 quaedam
2002 1863 2211 1926 peceatavoest

511 1956 577 2010 ergo
595 1939 640 1992 hie
658 1938 799 1993 desiderat
816 1933 1020 1990 Bellarminus‘t
1048 1940 1072 1990 1.
1092 1934 1217 2003 praviter
1236 1943 1349 1986 acuant
1377 1939 1507 2008 venialia,
1527 1939 1663 2009 quomodo
1682 1956 1767 2010 opera
1784 1941 1858 1995 bons
1875 1949 1987 1997 vocaret
2004 1949 2122 2013 peecata
2139 1961 2209 1998 mor-

512 2023 708 2092 Obcmnieium,
728 2024 805 2092 quod
821 2040 865 2091 ca,
882 2037 954 2089 quae
971 2019 1001 2072 in
1020 2021 1160 2071 distinctis
1177 2021 1349 2073 sermonibus
1376 2024 1460 2078 talia?
2028 2059 2033 2069 ·

513 2107 651 2180 C'ypsiant‘
667 2111 812 2173 habentur,
833 2109 994 2174 coniungat.
1029 2105 1253 2174 Respondemus:
1276 2105 1349 2169 Quid
1411 2114 1451 2164 66,
1487 2110 1641 2165 Audiamus
1660 2111 1728 2165 alios
1746 2129 1780 2166 ex
1796 2112 1945 2181 veteribus,
1964 2114 2128 2183 praesertim
2145 2132 2209 2172 vem

510 2213 576 2251 vero
594 2195 705 2250 sceleris
721 2194 750 2248 in
769 2212 801 2249 eo
816 2191 971 2246 commisit?
991 2209 1082 2261 nonne
1094 2191 1178 2246 etiam
1190 2191 1349 2261 Scripturae
1375 2196 1578 2267 Augustinum,
1603 2198 1651 2268 qui
1671 2195 1824 2269 Pelagiana
1847 2198 1955 2254 haeresi
1972 2199 2108 2254 excitatus
2128 2213 2209 2257 sceu⁴

511 2283 585 2336 dieta
593 2281 711 2336 invicem
719 2278 917 2334 conferuntur?
928 2278 1348 2349 addequodnuguuiuumser·
1375 2290 1434 2336 rate
1461 2282 1513 2336 hoc
1541 2283 1684 2337 doctrinae
1713 2282 1886 2339 Christianae
1912 2291 1998 2356 caput
2020 2289 2207 2356 pertractavit

510 2386 604 2423 mones
622 2368 672 2422 hos
690 2367 903 2436 conjungentem
922 2370 1068 2435 sequatur3
1089 2370 1111 2419 2.
1129 2371 1159 2419 at
1172 2365 1348 2431 Aupustinus
1374 2367 1445 2422 lren.
1464 2367 1527 2423 libr.
1548 2375 1571 2423 5.
1595 2376 1691 2422 conns
1716 2367 1845 2424 haereses
1862 2387 1890 2440 p.
1909 2375 1978 2424 56οι
1992 2369 2088 2435 docet,
2116 2389 2210 2441 pam-

510 2473 543 2508 co
550 2457 610 2524 fine
617 2454 761 2523 posterius
772 2451 910 2521 Ctsprs'ani
920 2452 1038 2514 dictum,
1051 2453 1128 2519 quod
1137 2468 1217 2503 nemo
1229 2452 1347 2519 depuro
1374 2454 1527 2507 Mmodssm
1544 2454 1619 2507 oliva
1637 2454 1764 2521 neglecta
1783 2463 1905 2524 tempore
1924 2457 2048 2524 quodam
2068 2455 2099 2510 io
2118 2460 2209 2513 deser-

511 2548 594 2609 atquc
612 2538 792 2592 immacsdato
808 2538 894 2590 carde
905 2538 961 2589 sibi
971 2537 1099 2590 blandiri
1116 2538 1227 2604 debeat,
1249 2553 1281 2589 co
1292 2540 1347 2602 fine
1373 2548 1430 2592 tum
1454 2540 1556 2593 relicta
1586 2548 1613 2593 et
1635 2540 1778 2595 silvestria
1800 2542 1979 2610 fructificans
2004 2546 2157 2597 secundum
2179 2562 2208 2599 se

510 2626 637 2693 adducit,
650 2625 789 2693 atprobct
800 2620 1041 2676 nemirieminbac
1052 2623 1164 2674 vitaita
1173 2624 1346 2691 perfeotevi-
1374 2625 1496 2678 oleaster
1510 2628 1558 2694 fit,
1586 2626 1628 2679 ita
1651 2626 1775 2680 homines
1799 2628 1829 2679 in
1850 2628 2020 2696 neplmentio
2046 2631 2209 2684 constitutos

508 2729 571 2767 vere
580 2728 672 2781 possa,
682 2711 870 2764 utinnutlum
877 2709 1346 2778 unquomlahoturoeaiolcpecca-
1374 2720 1399 2763 st
1416 2713 1655 2781 concupiscentias
1675 2713 1771 2765 carnis
1787 2720 1922 2782 tanquam
1939 2713 2084 2767 ss'luestrio
2103 2716 2209 2784 sman-

442 2793 446 2800 ’
508 2805 575 2867 tum.
608 2798 784 2853 Chcmnicius
797 2813 828 2849 co
845 2798 898 2860 sine
914 2796 1040 2863 adducit,
1058 2794 1198 2862 utprcbet
1210 2795 1345 2850 etiamsi·
1367 2798 1488 2864 ficantes
1505 2799 1657 2851 secundum
1681 2816 1763 2851 suam
1779 2817 1895 2852 causam
1916 2799 2108 2862 infructuosos
2126 2801 2208 2870 justi·

508 2884 595 2940 tiosos
610 2885 678 2940 ilios
696 2891 786 2939 motas
804 2883 908 2950 carnis,
927 2882 1026 2950 quihus
1037 2880 1187 2947 resistitis,
1205 2898 1265 2935 csse
1280 2900 1344 2951 pcc-
1372 2884 1413 2936 tia
1439 2885 1578 2938 constitui.
1618 2883 1714 2954 utique
1740 2900 1807 2955 ergo
1836 2884 1920 2938 etism
1945 2890 2011 2955 post
2037 2885 2208 2957 baptismum

507 2980 580 3025 cato.
599 2969 820 3039 Respondemus:
834 2967 991 3037 Utrumque
1002 2966 1084 3021 docet
1094 2983 1128 3020 er
1137 2965 1277 3036 Cypriane
1286 2967 1343 3022 Au·
1371 2974 1464 3023 manet
1480 2976 1626 3040 peccatum
1647 2969 1676 3022 iu
1696 2985 1794 3038 carne,
1823 2970 1898 3040 quod
1916 2969 1939 3023 si
1956 2971 2134 3042 negligenter
2152 2979 2207 3028 tra·

508 3057 644 3129 gostinus,
658 3055 760 3109 remitti
771 3055 864 3108 omnia
876 3053 905 3106 in
917 3051 1055 3123 baptismo
1064 3059 1188 3122 peecata,
1200 3068 1233 3106 ac
1244 3052 1343 3107 nihilo·
1369 3061 1466 3121 otetur,
1487 3056 1530 3109 sui
1547 3055 1656 3125 generis
1675 3071 1776 3126 pravos
1794 3056 1902 3110 fructus
1920 3056 2033 3127 profert
2063 3058 2206 3113 Macarius

509 3142 600 3195 minus
618 3159 681 3196 cum
697 3140 771 3194 vitiis
789 3137 947 3194 carnalibus
966 3154 1025 3192 asse
1043 3137 1218 3206 luctandum,
1238 3137 1268 3191 in
1288 3155 1342 3208 quo
1369 3141 1462 3195 homil,
1484 3148 1524 3210 15,
1543 3159 1570 3211 p.
1592 3147 1652 3197 188:
1682 3143 1890 3211 separasses
1906 3144 2013 3207 dicere,
2029 3153 2096 3213 post
2114 3146 2207 3214 bapti·

509 3227 659 3282 certamine
682 3226 737 3296 ipsi
759 3224 850 3280 renati
871 3223 927 3278 telo
951 3221 1044 3277 hostili
1067 3222 1218 3293 aliquando
1239 3225 1342 3280 ferian-
1369 3246 1457 3280 smum
1475 3228 1571 3281 vitium
1592 3247 1649 3281 non
1666 3230 1777 3297 hobae,
1801 3229 1850 3281 abi
1862 3237 2003 3298 pascatur
2021 3239 2070 3282 out
2088 3232 2206 3285 coltoca-

509 3318 556 3367 tur
580 3329 612 3368 ac
638 3318 752 3383 propter
778 3327 812 3365 sa
830 3324 887 3364 non
903 3308 1012 3380 possint
1028 3308 1082 3363 sibi
1101 3309 1137 3365 de
1155 3327 1225 3380 puro
1244 3317 1277 3366 et
1293 3311 1341 3365 im·
1369 3322 1415 3367 tur
1432 3316 1462 3368 in
1481 3316 1567 3368 corde
1594 3309 1695 3388 [cista
1722 3316 1795 3385 ἔχειν
1816 3315 1906 3389 νομὴν
1922 3314 1953 3369 τὸ
1972 3313 2058 3371 κακὸν
2076 3318 2127 3372 τοῦ
2145 3319 2206 3372 dta-

507 3399 646 3453 maeulsto
664 3398 747 3453 cordo
765 3396 898 3464 blandiri,
919 3396 1035 3466 proinde
1060 3396 1090 3449 in
1112 3395 1208 3451 futura
1231 3398 1341 3452 demum
1368 3404 1524 3471 λογίζεσθαι
1536 3401 1567 3454 ἐν
1579 3402 1609 3474 τῇ
1621 3401 1743 3474 sapdth,
1757 3402 1953 3471 iqnoras,quot
1965 3404 2135 3457 obadoentu
2145 3406 2205 3457 Do·

506 3487 565 3540 vita
585 3486 696 3556 plenam
713 3483 913 3555 perfectionem
935 3498 995 3536 esse
1012 3482 1185 3552 sperandam.
1220 3483 1342 3539 Peccata
1367 3488 1439 3539 mini
1453 3489 1495 3540 ad
1511 3487 1563 3539 hoc
1580 3504 1668 3555 usquc
1685 3496 1791 3557 ternpus
1811 3489 1947 3557 baptisati
1963 3498 2036 3557 sunt,
2055 3498 2081 3543 et
2101 3490 2204 3543 nitito

506 3572 556 3628 illa
573 3571 740 3625 infirmitatis
758 3569 922 3642 quotidiana
940 3568 1066 3622 oriuntur
1084 3584 1221 3633 excarne,
1238 3576 1341 3624 testan-
1367 3574 1459 3626 minas
1479 3574 1620 3627 interdum
1636 3592 1732 3643 pram
1750 3576 1961 3643 condones-anti
1988 3584 2040 3629 etc.
2075 3578 2124 3630 Aa
2148 3595 2205 3631 non

506 3666 553 3714 tur
581 3659 668 3730 igitur
696 3659 726 3711 in
756 3674 838 3711 carne
867 3661 1011 3726 peecatum
1043 3655 1134 3709 adhuc
1171 3655 1341 3720 inhabitaro;
1366 3660 1522 3728 reperimus
1542 3666 1608 3728 post
1632 3661 1799 3729 baptismam
1817 3661 1906 3714 multo
1925 3661 2060 3715 committi
2073 3670 2204 3731 peccato,

505 3762 609 3816 pravae
636 3745 700 3799 illae
726 3742 909 3814 cogitationes
939 3742 1020 3795 nobis
1049 3740 1143 3796 invitis
1174 3741 1341 3813 quandoque
1357 3764 1402 3821 oc
1421 3746 1574 3814 plerosque
1600 3747 1783 3816 delinqueret
1825 3748 1896 3800 Post
1921 3748 2088 3817 baptismum
2114 3748 2204 3816 mitur

505 3832 671 3902 obrepentes
699 3836 837 3884 testantur
862 3844 911 3882 cor
932 3827 1024 3882 adhue
1047 3844 1165 3897 pravum
1190 3843 1243 3881 neo
1267 3827 1341 3883 omni
1365 3832 1500 3902 potatum
1518 3831 1599 3885 tabet
1620 3833 1732 3901 praedo
1752 3839 1777 3885 ct
1798 3832 1939 3886 licentiam
1958 3834 2142 3902 inprsdimdi
2159 3841 2202 3886 at·

506 3934 540 3973 er
564 3927 644 3987 parte
664 3916 963 3971 immaculatum‘esse.
999 3913 1157 3985 Cyprianus
1181 3914 1236 3968 illis
1263 3915 1341 3969 moti-
1368 3935 1419 3986 que
1437 3918 1544 3985 optadi
1558 3936 1612 3986 pro
1632 3918 1720 3972 libitu.
1756 3918 1899 3988 Scriptum
1917 3920 1989 3973 enim
2008 3928 2065 3973 cst.-
2086 3920 2202 3989 Diliges
2215 3935 2259 3977 vm

507 4003 559 4058 bns
580 4002 727 4058 resistebat
745 4008 774 4055 et
790 4008 883 4055 tamen
904 4001 940 4055 de
958 4000 1134 4055 immaculato
1152 4017 1185 4055 ac
1204 4017 1274 4070 puro
1292 4019 1340 4072 pe·
1368 4004 1521 4057 Dominum
1547 4012 1623 4057 tuum
1646 4021 1679 4057 ea
1701 4012 1760 4057 toto
1788 4007 1873 4057 cade
1899 4012 1964 4074 tuo,·
1991 4023 2086 4060 oerum
2112 4007 2203 4060 dicia.-

506 4096 581 4144 ctore
608 4088 662 4143 sibi
686 4086 807 4142 blandiri
829 4085 949 4141 nolebat
984 4092 1012 4141 3.
1035 4087 1209 4154 Aupustinus
1232 4087 1291 4140 uult
1308 4104 1341 4140 ca
1366 4090 1512 4157 Ditipoct
1529 4090 1615 4143 habeo
1635 4089 1773 4159 Spiritum
1790 4098 1925 4145 sanctum.
1950 4091 2082 4145 Habesne
2100 4107 2201 4147 memo·

444 4176 446 4180 ’
507 4174 644 4245 Cypriani
661 4174 818 4229 testimonio
834 4173 967 4241 probare,
986 4189 1055 4236 cum,
1072 4173 1122 4240 oui
1139 4172 1265 4226 amoos
1284 4174 1340 4226 ori-
1364 4176 1440 4227 mam
1458 4183 1483 4227 at
1502 4192 1625 4228 amorem
1645 4193 1679 4228 oc
1699 4177 1832 4244 stuprans
1856 4176 2027 4230 desiderium
2048 4194 2118 4245 erpo
2138 4180 2200 4232 Do·

502 4264 760 4332 pinolcpeocotam,
770 4258 1047 4330 possanihsiominus
1058 4258 1202 4326 justitiam
1213 4260 1339 4327 operari,
1364 4261 1488 4314 minant
1521 4278 1584 4314 esne
1606 4269 1689 4315 noctu
1715 4263 1819 4331 diuque
1842 4261 1889 4316 iiii
1912 4262 2076 4316 deviamus!
2111 4272 2138 4317 et
2162 4263 2200 4317 si·

501 4351 583 4420 cujus
609 4348 783 4402 caesarium
812 4349 891 4400 docet
915 4345 1104 4413 Chsmnicias,
1131 4346 1225 4399 omnio
1251 4363 1339 4415 opera
1364 4349 1476 4416 quidem
1495 4349 1548 4401 boc
1565 4347 1715 4401 dilectione
1728 4348 1880 4416 praeditus
1899 4365 1941 4416 cs,
1954 4366 2048 4417 purnes
2068 4365 2105 4402 es.
2146 4350 2200 4405 Sin

501 4444 665 4490 sanderum
682 4451 740 4489 esse
753 4442 882 4503 peceato.
910 4431 1134 4501 Respondemus:
1150 4430 1266 4485 adducit
1279 4432 1337 4486 Au·
1364 4450 1398 4486 co
1421 4434 1512 4487 minus
1534 4435 1574 4487 sis
1595 4435 1760 4503 praeditus,
1785 4433 1864 4486 ultra
1887 4433 2010 4503 inquire,
2033 4434 2083 4487 uhi
2104 4452 2134 4489 sc
2154 4438 2200 4489 oh·

502 4522 629 4594 guntinus
650 4522 754 4576 dictum
766 4519 901 4591 Cypriani
919 4535 952 4573 eo
964 4517 1029 4587 fine,
1046 4525 1078 4571 ut
1094 4516 1194 4588 probet
1210 4524 1337 4573 naturam
1363 4520 1478 4572 tulerint
1495 4521 1608 4588 nepotio
1627 4528 1753 4589 meno,
1778 4528 1827 4573 aut
1851 4520 2032 4588 copitotiones
2049 4528 2153 4591 ,torpes
2173 4533 2199 4578 st

500 4608 649 4663 humanam
665 4606 842 4661 nihilominus
858 4603 1066 4675 justificationis
1083 4620 1133 4673 per
1151 4603 1271 4673 gratim
1282 4603 1336 4659 Dei
1360 4623 1481 4674 manas,
1505 4623 1543 4659 an
1564 4624 1619 4659 non
1641 4609 1682 4659 ad
1698 4607 1767 4659 haec
1792 4606 1979 4660 declinaveris
2005 4603 2041 4678 [st
2064 4606 2105 4680 μὴ
2130 4609 2201 4681 πρὸς

500 4711 632 4766 capacem
653 4709 727 4760 esse,
751 4692 861 4746 interim
878 4690 972 4754 addit,
998 4688 1195 4759 perfectionem
1209 4688 1336 4759 justitiae
1362 4694 1447 4746 ταῦτα
1467 4688 1618 4766 ὑποκλίνῃῙ.
1644 4710 1672 4763 p.
1691 4698 1753 4747 225:
1777 4694 1926 4746 Peccatum
1944 4694 2022 4763 quod
2036 4693 2138 4765 subiit,
2155 4713 2199 4749 oe-

499 4799 556 4837 non
577 4798 638 4836 esse
654 4779 684 4834 in
706 4778 760 4832 hae
785 4778 843 4832 vita
863 4776 1043 4847 sperandam,
1069 4776 1145 4847 quod
1169 4776 1261 4845 ipsum
1286 4793 1335 4830 nos
1362 4779 1477 4831 cattsct
1496 4778 1615 4832 taoentcr
1638 4780 1669 4831 in
1692 4778 1823 4832 interiori
1843 4778 1952 4833 homine
1971 4796 2005 4832 oc
2024 4787 2114 4834 ments
2133 4798 2199 4851 ops—

500 4851 617 4923 dicimus¹
638 4873 666 4921 et
682 4880 898 4936 propugnamus.
934 4867 959 4917 4.
977 4861 1086 4915 Veteres
1104 4863 1209 4931 dicunt,
1226 4862 1254 4915 si
1272 4880 1335 4916 con·
1361 4872 1443 4917 rator
1461 4871 1545 4933 atque
1563 4865 1778 4932 coartationibus
1789 4873 1943 4934 repensan-
1962 4864 2089 4918 uariunt
2106 4874 2200 4920 tomen

499 4953 679 5025 cupiscents'is
696 4952 861 5018 resistimus,
879 4967 1011 5003 coronam
1029 4967 1079 5003 nos
1095 4949 1227 5006 obtinere.
1253 4952 1335 5019 Ενρο
1361 4952 1496 5016 tortines,
1523 4953 1601 5021 meod
1622 4951 1718 5004 aliena
1739 4951 1769 5005 oi
1791 4951 1908 5020 impulsi
1927 4951 1996 5005 hacc
2019 4959 2123 5020 opum,
2145 4954 2201 5006 aad

499 5040 741 5111 concupiscentiae
761 5052 873 5107 prauos
896 5053 953 5088 non
978 5044 1060 5089 munt
1079 5052 1134 5104 par
1155 5052 1186 5089 se
1205 5045 1333 5105 peccato.
1357 5044 1460 5106 putant
1485 5037 1554 5090 haec
1581 5053 1639 5091 csse
1665 5036 1827 5103 naturalia,
1856 5042 1908 5091 eto.
1951 5036 2027 5108 Iege
2054 5035 2201 5093 homiliam

499 5124 724 5196 Respondemus:
752 5122 979 5193 distinguendum
1006 5121 1052 5185 id,
1078 5121 1153 5192 qnod
1179 5138 1230 5192 per
1247 5138 1277 5177 se
1294 5120 1334 5177 rei
1361 5123 1442 5177 istam
1459 5122 1603 5194 integram.
1639 5120 1718 5177 Idem
1734 5120 1827 5179 homil.
1847 5127 1886 5190 16,
1906 5140 1932 5192 p.
1952 5127 2018 5177 2³1:
2043 5122 2151 5180 noan
2168 5125 2201 5179 ia

499 5212 643 5282 competit,
670 5211 707 5266 ab
729 5228 775 5278 eo,
798 5209 873 5282 quod
897 5227 932 5264 ex
954 5208 1092 5263 accidenti
1112 5208 1137 5264 ei
1155 5207 1267 5263 demum
1287 5208 1334 5263 tri-
1361 5210 1440 5261 notis
1460 5218 1594 5278 operatw
1611 5226 1673 5262 cum
1691 5209 1769 5262 omni
1786 5216 1928 5278 potestate
1947 5216 1973 5261 et
1990 5224 2088 5275 sessu,
2106 5209 2200 5264 obses·

500 5296 607 5352 buitur:
625 5314 728 5367 pravae
746 5295 986 5366 concupiscentiae
1004 5312 1055 5365 per
1072 5312 1102 5349 ee
1119 5301 1147 5350 et
1165 5312 1216 5349 sua
1234 5301 1335 5349 natura
1360 5312 1414 5347 aas
1432 5295 1600 5365 cupiditates
1616 5311 1776 5364 supponens.
1796 5312 1826 5364 p.
1844 5299 1908 5350 2³6:
1933 5295 1971 5348 In
1998 5294 2077 5349 aois's
2100 5295 2200 5351 haeret

499 5388 565 5436 sunt
581 5389 710 5452 peecata,
738 5382 787 5437 sed
805 5380 982 5437 erodentibus
1000 5381 1030 5435 in
1052 5380 1190 5436 Christum
1211 5399 1245 5435 ex
1262 5381 1333 5435 aoei-
1361 5380 1465 5433 molum
1483 5398 1529 5450 co,
1561 5382 1638 5451 qisod
1662 5381 1766 5433 habitet
1784 5381 1815 5432 in
1831 5382 1916 5434 corde
1933 5378 2013 5449 (ἡμῖν
2032 5381 2091 5435 iou
2110 5380 2200 5437 anais

499 5468 576 5524 denti
593 5467 664 5522 fiunt
680 5469 795 5523 materia
813 5484 931 5523 coronae
950 5475 979 5522 et
995 5467 1118 5539 gloriae;
1138 5484 1221 5539 quam
1238 5466 1334 5522 multis
1360 5466 1407 5520 dri
1431 5470 1458 5521 ιὸ
1478 5472 1566 5522 utaris
1584 5470 1614 5522 is
1634 5468 1665 5541 τῇ
1677 5468 1788 5539 καρδίᾳ)
1807 5474 1834 5520 et
1852 5468 1925 5521 uires
1943 5485 2010 5521 suas
2028 5468 2135 5523 ibidem
2154 5488 2201 5523 ea·

498 5554 609 5611 interim
628 5561 693 5608 sunt
710 5554 842 5609 materiae
859 5554 965 5621 ruinae,
985 5553 1060 5623 quod
1073 5553 1215 5609 evidenter
1232 5553 1333 5623 arguit,
1359 5563 1443 5619 serat,
1461 5571 1611 5624 supparem
1630 5554 1813 5623 cogitationes
1821 5571 1931 5623 pronas
1949 5562 1975 5607 et
1991 5553 2127 5610 obscenas
2146 5574 2200 5611 aaa

497 5658 547 5712 per
567 5640 697 5696 accidens
715 5640 826 5697 demum
843 5638 1075 5709 concupiscentiis
1094 5639 1147 5693 hoc
1164 5638 1332 5708 contingere,
1357 5642 1519 5710 permittens
1541 5658 1642 5710 peccas
1670 5642 1811 5711 effundere
1837 5658 1939 5710 puras,
1970 5642 2023 5695 aad
2053 5643 2201 5713 capavum

496 5733 530 5785 ut
547 5728 604 5784 sint
624 5742 743 5782 coronas
766 5726 889 5780 materia.
924 5728 950 5780 5.
966 5725 1091 5795 ltaliam
1113 5725 1193 5779 dicta
1218 5726 1331 5793 uomit
1357 5730 1460 5785 ducam
1476 5736 1593 5783 mamam
1613 5728 1891 5800 paritersanctum,
1915 5734 1967 5784 eta
2001 5725 2200 5802 Hieronymus
