5017 6675
958 582 1011 639 DE
1028 581 1203 640 Pscc‘nuo
1222 583 1434 642 ORIGINALI.
1983 599 2040 656 177

347 733 410 802 eine
435 740 570 803 concepta
588 734 706 805 suerat,
733 742 825 792 tamen
851 738 920 808 qnia
946 756 1004 793 non
1027 739 1069 793 ric
1094 738 1124 793 in
1146 754 1180 792 ea
1210 740 1352 810 ttorptroe
1379 737 1486 795 Christo
1517 739 1637 810 tribuet,
1666 739 1702 795 de
1729 740 1834 813 Spiritu
1860 747 1956 799 sencio
1981 744 2154 800 sinemus.

346 829 507 891 conceptum
532 830 588 886 est,
613 826 751 893 promocio
765 827 870 893 suerat
887 827 942 881 sila
961 835 1108 899 concerta,
1131 844 1181 881 nec
1207 831 1323 895 peccato
1346 833 1509 898 conceptum
1530 843 1603 894 esse,
1628 828 1725 899 utique
1744 827 1773 881 in
1790 827 1893 883 Christi
1911 828 2041 902 injuriam

347 910 409 976 ipsa
427 916 492 962 erat
509 911 707 980 caropeccats',
726 915 778 966 ssd
789 914 945 976 similitudo
959 915 1180 983 carnispeccati.
1208 912 1306 984 vergit,
1326 911 1461 967 deMsrin
1478 913 1551 969 idem
1570 911 1633 986 disp
1654 914 1922 986 ypnpiesffirmure.
1951 915 2039 971 Recte

347 993 392 1049 lib.
419 994 455 1049 de
477 995 592 1065 perfect
614 997 718 1068 justit:
746 997 879 1068 Qmspnir
903 1018 961 1054 csse
978 1000 1021 1055 rel
1037 1001 1129 1066 subse
1150 1000 1180 1053 in
1207 996 1302 1054 Beust.
1321 997 1351 1051 in
1367 997 1460 1052 homil
1477 998 1587 1054 Domin.
1606 1000 1635 1053 in
1653 999 1698 1054 die
1716 1007 1840 1072 concept
1857 1020 1885 1072 p.
1901 1007 1964 1058 666:
1983 1022 2039 1058 non

348 1081 397 1136 bac
432 1083 494 1137 rita
522 1084 645 1154 aliquem
673 1085 811 1140 bominem
840 1089 884 1141 vel
914 1089 1026 1158 clipeos
1056 1087 1181 1140 bomine:
1206 1083 1295 1151 serpit
1313 1085 1343 1137 in
1361 1086 1557 1140 contumeliam
1574 1087 1691 1140 Marsae
1709 1088 1827 1155 cirpins's
1848 1097 1896 1141 ont
1915 1090 2041 1157 Domini,
2145 1074 2156 1097 ⁸

344 1173 439 1236 putat,
461 1178 575 1239 eccepto
592 1189 648 1225 uno
664 1172 819 1226 mediatore
831 1174 891 1226 Dei
908 1182 934 1227 et
951 1174 1101 1243 bominum,
1121 1173 1180 1242 qni-
1206 1177 1368 1238 conceptam
1388 1188 1450 1225 eam
1467 1188 1526 1226 esse
1542 1173 1573 1225 in
1585 1179 1703 1241 peccota
1716 1174 1843 1242 oripinis,
1860 1174 1929 1244 qnia
1941 1174 2043 1243 nepari
2091 1172 2093 1176 ⁸

348 1254 393 1307 lus
426 1257 592 1311 mceescrs'a
625 1276 682 1312 non
702 1259 812 1325 fnisset
841 1259 968 1315 remissio
993 1267 1180 1329 peccatorum,
1206 1256 1315 1325 nequit,
1347 1255 1503 1326 Christum,
1534 1259 1583 1327 qni
1611 1258 1671 1311 sine
1692 1267 1810 1328 peccato
1837 1259 1908 1329 fuit,
1939 1269 2042 1314 natm

347 1342 506 1395 :mirariue
531 1351 572 1397 est
598 1343 778 1414 Scripturas,
804 1345 984 1414 praedicit:
1010 1346 1069 1398 Per
1093 1363 1180 1398 unum
1206 1349 1298 1394 nmen
1316 1357 1375 1395 esse
1392 1359 1426 1396 ea
1440 1344 1644 1411 peccatoribus.
1678 1343 1756 1400 Rom.
1780 1349 1801 1413 l,
1820 1363 1845 1398 v.
1860 1350 1885 1403 3.
1904 1348 1929 1401 2.
1942 1348 2041 1402 Mater

347 1426 480 1481 bominem
494 1436 641 1499 peccatum
657 1430 776 1484 intrauit
794 1432 824 1484 irs
843 1433 984 1487 mundum,
1022 1437 1045 1488 4,
1064 1430 1178 1503 Cypria·
1207 1425 1315 1481 Ultrt'sis'
1332 1429 1506 1496 timpularem
1523 1431 1692 1495 affinitatem
1710 1439 1736 1483 ct
1748 1431 1968 1499 conjunctionem
1980 1452 2041 1488 cum

347 1531 394 1566 nns
421 1531 503 1571 serm.
528 1515 564 1572 de
583 1515 690 1574 Nede:
715 1517 818 1571 Maria
838 1517 995 1587 plurimum
1017 1534 1036 1570 a
1060 1518 1178 1572 caetersir
1207 1513 1319 1568 cbristo
1346 1513 1456 1584 babuit,
1486 1532 1558 1584 qnae
1587 1524 1678 1569 antem
1708 1518 1850 1572 conventio
1878 1518 1985 1573 Ctrtsn·
2015 1528 2041 1574 et

349 1600 483 1669 diffluens
500 1609 604 1656 natura
622 1604 850 1671 communicabat,
863 1622 920 1657 non
930 1603 1023 1673 csdpa.
1053 1602 1178 1674 Respon·
1205 1600 1324 1653 Belial!
1349 1599 1573 1670 Respondemus:
1601 1600 1729 1657 Christro
1752 1611 1836 1657 natus
1855 1619 1888 1656 ee
1906 1606 2040 1674 patribus

349 1685 458 1741 demum
477 1685 584 1743 Auctor
602 1687 712 1744 illorum
724 1706 879 1744 sermonum
892 1705 948 1744 non
960 1697 1003 1745 est
1014 1688 1178 1761 cyprinum,
1203 1687 1355 1739 secundum
1377 1703 1498 1744 carnem
1534 1685 1613 1742 Rom.
1636 1694 1665 1758 1,
1691 1707 1716 1742 v.
1737 1695 1767 1758 33
1791 1706 1857 1743 num
1878 1695 1906 1744 et
1923 1689 1984 1745 illos
2002 1690 2039 1745 ab

346 1771 449 1828 fetente
473 1773 591 1844 ipsomet
608 1774 791 1843 Bellsrmino,
817 1775 969 1831 Pammelio
989 1781 1017 1831 et
1035 1776 1112 1832 Sixto
1131 1773 1177 1829 Se·
1203 1769 1332 1842 originali
1348 1778 1464 1843 peccato
1482 1771 1617 1828 immunes
1629 1775 1802 1829 statuemus?
1822 1776 1966 1831 conventio
1979 1776 2038 1842 illa,

344 1858 419 1912 nemi
435 1859 485 1914 lib.
506 1865 531 1915 i.
549 1860 675 1916 biblioth.
713 1860 786 1926 Quid
804 1863 878 1935 quod
896 1862 981 1934 paulo
997 1867 1063 1917 ente
1081 1867 1177 1917 auctor
1203 1858 1239 1912 de
1262 1874 1318 1929 qus
1339 1857 1481 1930 spostolus
1505 1858 1641 1929 loquitur,
1667 1859 1796 1915 definitur
1815 1863 1994 1918 consensione
2012 1869 2040 1917 et

344 1944 457 2000 istorum
483 1963 640 2002 sermonum
665 1948 773 2003 scribit:
802 1949 926 2019 Spiritus
951 1957 1065 2002 candus
1085 1949 1176 2003 obum-
1203 1944 1396 2000 conformitate
1423 1963 1488 2000 cum
1514 1946 1625 2002 disbolo
1650 1947 1680 2001 in
1703 1947 1782 2003 falsis
1810 1949 1988 2021 dogmatibus
2012 1955 2040 2005 et

344 2032 470 2086 bodone
496 2034 658 2089 incendium
683 2035 824 2104 oripinate
852 2036 882 2089 in
907 2036 1008 2090 Maria
1036 2035 1177 2089 cbristum
1202 2031 1339 2102 peccandi
1364 2031 1472 2100 studio,
1495 2049 1579 2103 quam
1597 2032 1704 2088 Mariae
1728 2033 1802 2089 absit
1826 2042 1858 2089 ut
1876 2035 2039 2091 tribuamus.

343 2118 515 2188 tmcipiente
533 2121 695 2175 emiseno
717 2123 797 2186 esse!
824 2138 891 2193 ergo
914 2140 970 2177 non
993 2122 1067 2177 omni
1085 2121 1177 2193 culpe,
1203 2120 1229 2170 3.
1257 2118 1352 2172 Filins
1380 2118 1452 2182 Dei,
1484 2119 1533 2188 qni
1558 2127 1601 2172 est
1625 2120 1691 2188 ipsa
1717 2120 1874 2190 sapientia,
1899 2121 2042 2190 sinpulari

343 2204 390 2259 sed
414 2211 567 2261 temeratae
593 2207 761 2280 virginitatis
787 2207 871 2280 culpa
889 2207 1007 2263 Marium
1025 2225 1043 2263 a
1062 2208 1178 2263 caeteris
1204 2205 1286 2257 modo
1312 2204 1447 2257 habitauit
1473 2203 1504 2257 in
1522 2205 1638 2273 Maria,
1658 2206 1805 2274 jamvero
1824 2208 2039 2283 inmalevolam

342 2291 505 2347 mulieribus
528 2293 619 2348 verbis
643 2294 703 2349 istis
723 2294 824 2350 eximit
864 2293 944 2349 Idem
967 2293 1125 2366 Cyprianus
1147 2294 1177 2347 in
1204 2291 1326 2344 animans
1356 2308 1413 2345 non
1441 2291 1559 2367 intrabit
1583 2293 1741 2361 sapientia,
1773 2310 1822 2348 nec
1849 2294 1983 2348 habitabit
2007 2295 2039 2348 in

342 2378 513 2449 expositione
545 2380 662 2451 symbei
697 2384 786 2453 (quse
819 2386 912 2437 tamen
943 2380 1045 2436 Rufino
1073 2380 1176 2437 rectius
1204 2393 1321 2444 corpore
1339 2376 1450 2430 rnbdito
1464 2377 1598 2446 peccatis
1632 2377 1755 2450 Sapient.
1775 2386 1797 2436 1.
1816 2378 2038 2450 Respondemus:

342 2463 485 2532 tribuitur)
508 2465 544 2520 de
562 2466 665 2522 Christi
689 2468 870 2539 conceptione
895 2467 935 2523 sic
953 2468 1061 2523 scribit:
1088 2470 1178 2522 Adest
1204 2461 1292 2515 Aliud
1316 2467 1359 2516 est
1374 2461 1538 2516 mslemlom
1553 2462 1656 2519 habere
1674 2465 1794 2520 animam
1811 2473 1840 2521 et
1857 2482 1956 2537 corpus
1974 2482 2039 2537 pcc·

343 2549 471 2618 Spiritus
494 2561 621 2622 msera,
652 2562 683 2608 ut
713 2563 741 2609 et
768 2563 916 2625 conceptus
941 2556 1131 2618 sanctificemur
1149 2562 1176 2608 et
1204 2549 1274 2603 catis
1291 2548 1441 2619 subditum,
1459 2565 1531 2620 quse
1550 2558 1591 2604 est
1604 2550 1753 2621 descriptio
1763 2552 1872 2622 peccati
1881 2553 2038 2625 regnantis:

336 2644 451 2705 pomus.
488 2645 512 2695 1.
530 2639 721 2697 Dsmsscenus
745 2647 813 2697 onst
833 2649 855 2698 l.
881 2641 910 2696 in
929 2647 986 2696 nst
1004 2640 1089 2713 virga
1115 2642 1176 2695 Na·
1203 2635 1280 2690 uliud
1303 2651 1368 2690 vero
1392 2642 1435 2691 est
1461 2641 1577 2706 peccsto
1594 2637 1758 2691 naturaliter
1774 2639 1948 2710 inquinatum
1969 2655 2038 2710 esse,

342 2728 406 2776 tura
428 2725 554 2792 pratiam
577 2726 617 2794 (in
634 2725 734 2794 Muris)
761 2736 933 2782 anucnterc
956 2744 1028 2781 ausa
1049 2745 1106 2780 non
1128 2734 1176 2781 cst.
1203 2724 1284 2793 cnjus
1308 2725 1401 2777 tumen
1424 2720 1568 2777 desideriis
1591 2739 1641 2792 per
1664 2722 1799 2793 Spiritum
1823 2731 1950 2781 sanctum
1971 2725 2038 2780 resi-

341 2807 565 2880 Respondemus:
585 2812 634 2868 lib.
647 2819 671 2868 3.
692 2812 798 2869 orthod.
818 2813 864 2870 fid.
879 2830 903 2869 c.
915 2818 940 2869 1.
952 2813 1055 2873 diserte
1066 2812 1175 2867 scribit:
1202 2814 1299 2862 statur.
1334 2807 1471 2863 Fatentnr
1493 2823 1588 2862 omnes
1612 2809 1700 2863 sancti
1722 2826 1753 2865 se
1772 2809 1874 2866 hebere
1892 2818 2038 2883 peccatum

341 2897 453 2969 πνεῦμα
470 2895 552 2968 ἅγιον
573 2898 694 2963 ἐπῆλθεν
711 2897 756 2952 in’
778 2897 863 2967 αὗιὴν
875 2899 1018 2974 (Μαριὰμ)
1037 2904 1176 2971 καθαῖρον
1204 2899 1226 2949 l·
1249 2892 1313 2948 doh.
1342 2899 1368 2959 l,
1394 2912 1420 2947 V·
1440 2900 1487 2963 10,
1513 2899 1541 2947 ei
1567 2899 1660 2950 tamen
1685 2911 1802 2966 11οφ0111
1827 2898 1950 2968 iptorum
1972 2902 2039 2952 tuni

341 2980 443 3049 siris,-
467 2983 544 3054 quod
566 2983 701 3056 interpres
724 2984 827 3040 latinus
846 2985 937 3040 minus
953 2991 1027 3040 recte
1044 2982 1176 3052 reddidit,
1202 2978 1321 3050 Spiritus
1345 2980 1434 3034 suncti
1457 2980 1561 3050 templs
1585 2987 1609 3038 1.
1628 2980 1690 3036 Cor.
1714 2986 1743 3051 b,
1767 3001 1792 3037 s.
1812 2989 1851 3040 19.
1888 2988 1913 3040 i.
1931 2984 2038 3038 Debuit

340 3066 480 3124 instruens
506 3069 610 3141 ipsam,
637 3088 700 3127 cum
727 3073 762 3129 de
790 3072 968 3128 mundatione
993 3088 1046 3127 vox
1065 3070 1175 3126 Graece
1201 3067 1232 3119 irs
1258 3065 1366 3135 cirpine
1392 3065 1507 3135 impleri
1522 3067 1569 3131 id,
1595 3067 1670 3138 quod
1689 3066 1767 3124 Cant.
1787 3075 1811 3125 1.
1831 3070 1948 3136 dicitur,
1976 3078 2035 3124 tota

339 3153 478 3226 loquutur.
515 3162 539 3212 6.
556 3157 705 3213 Anselmus
731 3157 781 3215 lib.
799 3159 835 3214 de
851 3165 977 3230 concept
993 3158 1062 3230 virg.
1081 3174 1106 3211 c.
1128 3162 1174 3213 18:
1197 3152 1320 3239 pulchra
1344 3169 1380 3206 es.
1416 3151 1643 3223 Respondemus:
1669 3153 1728 3208 Imo
1753 3172 1817 3211 vero
1840 3173 1897 3211 non
1921 3156 1951 3211 in
1975 3155 2035 3211 sols

339 3242 440 3296 &cm
464 3252 540 3314 erat,
568 3252 599 3298 nt
621 3260 656 3299 ea
678 3247 821 3316 puritate,
845 3262 902 3316 pua
923 3246 1017 3315 major
1035 3245 1087 3298 rub
1110 3246 1174 3298 Deo
1201 3237 1324 3310 virgine,
1342 3237 1439 3294 sedin
1458 3244 1518 3294 tota
1536 3239 1655 3296 ecclesis
1672 3241 1796 3313 quotidie
1816 3242 1887 3297 illud
1904 3243 2036 3314 impletur

338 3329 435 3399 munit
452 3329 582 3402 intellipi,
599 3332 679 3402 sirpo
693 3332 748 3387 illo
760 3333 869 3388 oinct.
884 3331 914 3388 in
925 3350 1023 3388 comm.
1034 3337 1060 3390 2.
1071 3329 1133 3387 Cor.
1145 3337 1174 3386 t:
1201 3343 1234 3381 sc
1251 3326 1282 3381 in
1302 3325 1360 3381 vita
1377 3331 1490 3383 aeterna
1507 3326 1632 3397 perfecte
1649 3327 1822 3399 implebitur,
1842 3347 1925 3402 quam
1942 3337 2049 3402 tamen

340 3417 443 3471 Omnes
461 3420 567 3473 mortui
582 3428 648 3473 runt
668 3420 697 3474 in
711 3423 851 3492 peccatis,
870 3422 978 3475 nemine
991 3438 1113 3491 prorem
1131 3435 1174 3473 erc·
1201 3413 1275 3469 omni
1292 3417 1408 3483 peccato
1427 3429 1522 3468 carere
1538 3413 1600 3484 quis
1618 3413 1738 3470 dixerit?
1759 3422 1785 3472 5.
1796 3418 1899 3472 Maria
1906 3426 2037 3488 praestat

337 3511 427 3573 cepto,
446 3506 540 3559 &mea
558 3514 647 3561 mam
658 3508 725 3574 Dei,
743 3509 800 3561 ,ξω
818 3508 1006 3576 orimum
1020 3508 1077 3562 ,ξω
1090 3507 1174 3561 oriem
1201 3500 1327 3553 omnibus
1342 3499 1451 3568 ampelis
1469 3507 1495 3553 et
1512 3500 1583 3569 ipsis
1598 3501 1700 3570 primis
1714 3503 1880 3571 parentibus
1900 3505 1930 3557 in
1940 3506 2036 3574 primo

337 3589 481 3644 ratam
506 3593 623 3646 addae,
657 3593 882 3664 Respondemus:
909 3592 987 3649 idem
1005 3592 1052 3649 lib,
1072 3599 1096 3650 2,
1117 3592 1175 3649 cur
1201 3586 1352 3640 creationis
1386 3592 1522 3639 momento
1556 3586 1747 3656 sanctificatis.
1807 3588 2032 3660 Respondemus:

337 3673 416 3730 Dm
436 3675 526 3733 homo¹
546 3695 568 3733 ρ,
592 3684 632 3735 lss·
650 3679 752 3735 diserte
771 3680 880 3736 scribit:
904 3680 989 3750 Virpo
1009 3681 1082 3751 ivea,
1099 3682 1174 3734 unde
1200 3670 1225 3725 P
1224 3676 1329 3727 memb
1350 3669 1405 3726 11118
1422 3687 1478 3725 11011
1495 3676 1611 3726 naturae
1628 3672 1786 3729 (1011(11110118
1802 3675 1846 3731 Vel
1862 3676 2029 3748 inlegillsfliQ

338 3770 480 3816 mmmm
497 3772 539 3817 a,
557 3763 693 3835 emm,
712 3767 742 3820 ,·,,
761 3768 956 3837 gnfflmp„
975 3776 1108 3837 compre
1124 3776 1173 3835 ser,
1200 3759 1250 3814 sed
1277 3758 1343 3829 quis
1367 3764 1411 3813 est
1434 3757 1576 3827 trorc'ror,
1603 3758 1738 3831 singulari
1758 3760 1812 3816 Dei
1832 3764 1939 3835 grafia:
1962 3763 2031 3818 alias

337 3855 364 3901 et
381 3848 551 3917 inpeccatis
569 3854 695 3922 concepit
711 3871 772 3908 eam
788 3863 878 3909 mater
895 3856 970 3925 ejus,
991 3863 1018 3909 et
1039 3856 1069 3909 ia
1087 3856 1173 3924 oripi·
1200 3863 1234 3901 ex
1257 3845 1353 3901 eodem
1379 3844 1471 3901 medio
1498 3843 1592 3900 inferri
1617 3854 1726 3917 posset,
1751 3847 1871 3904 Mariam
1893 3867 1949 3905 non
1973 3867 2032 3905 cor·

337 3936 401 3988 sati
419 3946 536 4005 peccato
557 3947 628 3994 nata
646 3949 699 4005 cst,
721 3945 798 4011 qnod
816 3950 843 3995 et
863 3941 928 4011 ipsa
946 3943 978 3995 s'n
995 3944 1092 3996 Adam
1107 3958 1173 4011 pee-
1199 3948 1309 4004 porcae,
1334 3932 1385 3988 sed
1399 3932 1482 4003 plene
1500 3932 1644 4004 angelicae
1661 3939 1778 3991 naturus
1796 3953 1864 3993 esse.
1902 3942 1928 3995 6.
1946 3939 2033 3992 Reos·

337 4022 426 4091 cauit,
452 4024 483 4077 in
506 4042 561 4095 quo
588 4044 681 4081 omnes
699 4037 894 4099 peecaverunt,
937 4027 982 4084 De
1006 4028 1173 4100 reliquorum
1200 4021 1320 4074 tationes
1344 4021 1488 4088 Brips'ttae
1511 4020 1544 4073 id
1566 4021 1658 4091 ipsum
1682 4025 1871 4093 comprobant.
1909 4024 2034 4097 Respon-

337 4108 512 4180 testimonie
531 4129 603 4183 quae
622 4114 738 4168 adducit
751 4114 891 4185 Bellum„
908 4114 1039 4171 videlieet
1057 4113 1173 4179 Hieme,
1202 4107 1298 4162 demus
1320 4105 1368 4162 Ad
1397 4106 1487 4179 legem
1515 4113 1544 4163 θ1
1573 4110 1761 4165 testimonium
1785 4111 1849 4166 Era.
1877 4118 1907 4183 8,
1931 4131 1957 4169 v.
1987 4118 2034 4168 20:

338 4193 417 4250 Petri
446 4196 592 4270 Dsmiani,
621 4200 759 4255 anonis
789 4208 840 4257 ete,
874 4219 930 4257 non
967 4219 1060 4256 sumus
1091 4202 1174 4257 valde
1202 4195 1342 4248 Habemus
1359 4194 1480 4263 Moysen
1496 4202 1522 4248 ct
1533 4195 1707 4265 propbetas:
1725 4198 1795 4253 Luc.
1817 4205 1857 4268 10,
1876 4204 1962 4255 ete:
1982 4199 2034 4255 Sn-

339 4281 458 4354 soliciti,
490 4286 532 4341 nti
556 4303 608 4342 nec
635 4288 670 4344 de
697 4288 860 4360 pontificum
885 4289 930 4346 vel
954 4288 1040 4344 Basil
1064 4289 1174 4345 concilii
1201 4286 1297 4351 specta
1325 4289 1365 4334 est
1390 4282 1480 4336 mnnr's
1496 4282 1631 4337 revelatio
1653 4284 1776 4352 (dicebst
1794 4284 1925 4356 Gomon),
1950 4304 2036 4357 quam

339 4368 462 4428 deserete,
991 4433 994 4439 .
1201 4386 1258 4422 non
1275 4368 1382 4437 probat
1406 4368 1450 4421 len
1470 4387 1532 4422 cnm
1549 4370 1700 4437 euanpeiio.
1736 4370 1766 4426 Si
1783 4371 1951 4428 Bellsrmim
1972 4389 2036 4443 pro·

257 4467 326 4508 suo-
376 4462 434 4514 118.
459 4456 615 4514 Audiamus
631 4459 760 4528 rationes,
781 4478 850 4533 ques
863 4460 1022 4517 Bellarmin.
1035 4460 1173 4532 producit.
1202 4453 1305 4509 bantur
1321 4454 1502 4510 revelationes
1519 4454 1665 4526 Brigittac,
1684 4463 1828 4529 agnoscat,
1843 4477 1954 4529 papam
1975 4474 2035 4513 esse

257 4531 281 4561 ι
340 4544 454 4600 &num
472 4553 513 4600 cst
526 4545 653 4616 potuisse
668 4547 798 4602 Mariam
816 4551 852 4602 ab
871 4548 1008 4620 originali
1020 4558 1139 4619 peecata
1156 4568 1174 4602 a
1201 4544 1410 4610 interfectorem
1429 4542 1597 4612 animarum,
1618 4544 1710 4598 ovium
1724 4542 1830 4599 Okritlt'
1848 4547 2036 4616 dispectorem
2097 4609 2102 4620 Ι

338 4634 404 4686 Deo
430 4634 621 4703 praesmars'.
673 4633 896 4705 Respondemus:
931 4634 1028 4690 Potuit
1060 4636 1171 4690 omnino
1202 4638 1228 4683 et
1245 4630 1443 4697 tatemerem,
1467 4644 1524 4681 este
1546 4630 1805 4686 admirabiliorem
1821 4633 1958 4700 ludaeis,
1984 4635 2034 4689 t‘m-

337 4717 414 4784 fieri,
441 4718 492 4775 scd
520 4719 631 4791 reipsa
656 4719 686 4774 id
712 4737 773 4777 esse
789 4721 893 4776 iactum
911 4720 1024 4792 probari
1044 4721 1171 4776 debebat.
1201 4716 1340 4770 mitiorem
1370 4715 1467 4784 ιΙιιάα,
1505 4715 1681 4784 icjmtiortm
1709 4719 1823 4789 Pilato,
1849 4721 1980 4789 pejorem
2010 4726 2036 4773 et

336 4804 469 4862 Voluisse
494 4805 582 4877 igitur
608 4806 659 4861 hoe
682 4807 785 4877 Deum,
816 4810 856 4862 ite
882 4808 984 4879 prebet
1009 4806 1173 4862 Bellermin:
1200 4803 1366 4856 deteriorem
1383 4801 1445 4871 ipso
1460 4802 1603 4871 Interea,
1621 4821 1776 4858 assessores
1793 4807 1856 4875 ejus
1873 4824 1989 4860 arsuros
2005 4808 2035 4859 in

335 4896 362 4947 1.
381 4898 439 4946 tam
459 4892 550 4947 honor
571 4911 655 4963 qnam
680 4894 835 4962 t'pnomt'nt'a
859 4895 960 4948 matris
982 4896 1125 4948 redundat
1143 4896 1172 4948 in
1201 4890 1264 4958 ipsse
1281 4890 1432 4958 sulphureo
1451 4888 1715 4960 dinmtinpnt'bt'lt‘,
1733 4894 1853 4947 Rosciam
1866 4910 2035 4962 oeteaprttm

330 4979 455 5049 prolem.
489 4978 713 5051 Respondemus:
730 4980 827 5035 Thom.
847 4986 917 5051 part
936 4985 959 5036 3.
979 4998 1005 5050 q.
1019 4986 1059 5036 11.
1078 4986 1130 5036 art.
1144 4986 1172 5036 3:
1200 4978 1323 5030 neoniae
1339 4978 1471 5044 fencem
1493 4982 1546 5032 etc.
1581 4977 1660 5034 Hsec
1682 4979 1756 5033 enim
1772 4980 1865 5033 omnia
1883 4981 1911 5033 in
1929 4981 2035 5037 revela-

333 5066 448 5119 viduae
472 5066 508 5119 id
527 5067 668 5135 pertinere
695 5069 737 5120 ad
763 5068 928 5136 dipnitatem
957 5068 1071 5137 matris,
1098 5069 1174 5137 qnod
1200 5064 1323 5120 tionibus
1340 5063 1479 5135 Brigirtss
1498 5064 1599 5120 diserte
1613 5071 1728 5119 exstant.

325 5153 428 5220 sones
449 5152 575 5205 totaliter
598 5169 631 5205 eo
651 5168 686 5206 ea
708 5153 846 5222 sublatus,
869 5156 921 5207 sed
940 5162 1031 5208 tamen
1055 5156 1174 5221 deropat
1238 5159 1295 5209 119.
1343 5152 1447 5217 Quarto
1484 5151 1545 5205 loco
1575 5150 1761 5205 Bellsrminus
1796 5151 1851 5206 rim
1889 5171 2169 5230 argumentemee.

335 5241 371 5293 iss
391 5240 490 5309 alipio
514 5239 649 5308 dipnitati
671 5238 787 5298 Christi.
832 5240 984 5297 Bernhard.
1010 5240 1090 5312 epist.
1116 5247 1172 5296 114.
1200 5249 1291 5296 torum
1324 5247 1479 5295 nostrorum
1515 5238 1666 5310 infringere
1701 5244 1816 5293 conetur
1849 5258 1874 5297 c.
1908 5248 1948 5299 16.
1981 5244 2033 5300 col.
2047 5242 2089 5323 ᾖξ’
2104 5243 2161 5313 ⁰⁰⁸]

335 5326 378 5383 sd
402 5326 539 5399 Lugdun:
566 5328 641 5381 Dico
665 5329 796 5383 Mariam
819 5330 974 5398 plariosam
1001 5332 1037 5383 de
1064 5329 1175 5398 Spiritu
1201 5334 1258 5384 311.
1290 5333 1318 5382 et
1345 5344 1421 5399 seqq.
1469 5329 1490 5380 7.
1521 5326 1670 5394 Scriptura
1700 5326 1770 5379 dicit
1808 5327 1947 5384 Obristum
1978 5348 2034 5385 non
2047 5293 2150 5428 affin

335 5423 437 5469 sancto
460 5416 631 5483 concepisse,
656 5432 712 5470 non
737 5424 827 5469 antem
847 5424 872 5471 et
891 5424 1050 5483 conceptam
1068 5416 1174 5484 funem
1201 5416 1308 5470 novisse
1321 5421 1482 5483 peccatum,
1503 5413 1594 5477 fnisse
1612 5413 1782 5466 innocentem
1807 5422 1833 5467 et
1857 5416 2033 5486 impollutum

337 5501 406 5556 dico
423 5495 570 5572 peperisse
593 5502 744 5571 cirpinem,
770 5521 825 5557 non
849 5512 942 5556 tamen
966 5510 993 5554 et
1013 5510 1131 5571 partam
1157 5520 1176 5555 a
1201 5509 1267 5565 etc,
1296 5509 1386 5553 tamen
1412 5516 1468 5552 non
1494 5496 1577 5550 addit
1602 5498 1658 5550 soli
1682 5498 1794 5553 Christo
1812 5501 1863 5556 boc
1880 5504 2031 5573 conitensis,

335 5589 460 5658 oirpine,
482 5587 593 5658 alicpsi
613 5589 662 5642 ubs'
685 5589 739 5643 erit
760 5590 966 5658 praeropatioa
988 5589 1088 5641 notra
1112 5590 1174 5642 Do·
1200 5589 1268 5658 quin
1281 5587 1388 5656 potins,
1414 5585 1441 5638 si
1455 5585 1599 5638 verborum
1617 5601 1715 5639 sonum
1732 5590 1925 5653 attenchmnr,
1951 5591 2033 5642 etiam

335 5676 425 5741 mirsi,
441 5692 499 5745 pua
516 5676 701 5744 sinpnlariter
719 5676 846 5729 creditur
862 5676 1001 5730 multare
1019 5683 1044 5728 et
1061 5676 1269 5729 munerealiis
1297 5673 1405 5726 similia
1429 5671 1536 5726 tribuit.
1579 5669 1805 5742 Respondemus:
1834 5673 1959 5730 Christum
1989 5682 2032 5730 est

329 5763 433 5835 prolis
459 5771 487 5817 et
510 5762 670 5830 inteprs'tate
695 5762 803 5831 carnis,
829 5762 857 5815 si
878 5764 1040 5817 tantundem
1058 5760 1174 5815 dederis
1200 5764 1402 5833 κεχωρισμένας
1424 5756 1479 5812 ἀπὸ
1506 5760 1558 5813 rein
1584 5756 1756 5833 ἁμαρτωλῶν
1782 5760 1867 5815 Hebr.
1887 5768 1915 5831 1,
1941 5779 1967 5815 v.
1990 5767 2033 5831 16,

334 5849 429 5905 ΜΗ
459 5848 571 5920 ipsisne!
605 5847 698 5914 Quare
732 5866 796 5905 cum
825 5835 970 5922 'Scriptura
1004 5847 1098 5921 μόνως
1126 5849 1173 5902 nrt
1202 5867 1271 5922 ergo
1294 5848 1368 5904 solus
1391 5845 1451 5919 ipse
1471 5862 1503 5901 ex
1519 5844 1648 5901 omnibus
1667 5850 1710 5901 est
1727 5845 1786 5901 sine
1803 5852 1924 5919 peccato.
1960 5846 2034 5903 Scri·

392 5943 557 5987 (isrissriiloci.
582 5944 611 5986 11.
1674 5957 1707 6010 12
