5017 6675
893 543 946 599 DE
964 542 1181 602 emenonis
1200 541 1250 599 ET
1267 541 1572 601 REPROBA'HONE.
1789 538 1791 543 ’
2041 551 2079 609 8³

303 705 359 786 ἵζ’
416 703 475 754 151.
511 696 559 770 Sic
575 697 663 769 igitur
684 704 918 769 argumentamur.
954 698 1098 763 Quomodo
1118 696 1220 754 DEUS
1247 711 1282 751 me
1300 697 1376 751 iliad
1392 697 1505 766 quidem
1524 696 1691 766 sirapticiter
1709 713 1804 751 veram
1828 704 1884 763 ιιι,
1908 696 2081 767 euangelium

304 805 350 837 a*
379 784 409 838 in
437 790 565 854 tempore
589 783 712 840 homines
732 784 869 855 justificat
891 791 921 840 et
946 785 1050 854 salvat,
1079 801 1112 840 eo
1138 783 1221 840 etiam
1248 783 1368 836 salutem
1385 783 1555 836 annuutiare
1572 801 1634 836 cum
1653 784 1826 853 condiisse,
1853 784 1902 854 qui
1919 783 2082 851 crediderit,

303 851 463 942 fflmodo
480 870 519 925 ab
536 875 651 926 aeterno
669 888 717 926 eos
732 870 887 941 justificare
912 876 940 926 et
960 871 1067 926 salvare
1090 869 1221 932 decrevit,
1247 869 1420 922 remetitur:
1448 871 1531 938 quasi
1550 871 1626 940 fides
1654 870 1684 922 iu
1710 871 1851 924 Christum
1875 871 2018 939 quoddam
2046 867 2082 921 sit

304 961 367 1044 ⁹:4⁰
378 957 438 1026 jam
467 972 535 1011 vero
562 960 635 1011 teste
660 963 721 1011 tota
745 956 888 1026 Scriptura
912 956 1014 1014 DEUS
1042 957 1071 1012 in
1097 963 1221 1025 tempore
1247 972 1329 1023 opus,
1345 971 1400 1025 per
1420 956 1496 1023 qaod
1512 972 1667 1009 servemur:
1688 956 1840 1010 Seruamar
1858 957 1930 1009 enim
1947 955 2037 1022 pratis
2056 961 2082 1005 et

307 1064 368 1096 mr
381 1047 496 1112 propter
512 1039 616 1096 Christi
631 1041 760 1097 meritum
781 1043 900 1107 (scilicet
924 1043 980 1100 fide
1004 1041 1219 1114 apprehensum)
1241 1047 1362 1109 propter
1380 1039 1538 1110 curatum,
1561 1059 1616 1094 ιιι
1629 1050 1752 1111 propter
1761 1044 1858 1110 fidem.
1896 1041 2082 1109 Evangelium

304 1117 347 1198 ξ’,
380 1126 506 1182 humiliet
522 1126 663 1196 J'uttificat
681 1133 709 1183 el
726 1128 825 1185 salvat.
860 1130 936 1200 Ergo
954 1129 1037 1185 etiam
1051 1129 1088 1184 ab
1107 1135 1220 1184 aeterno
1245 1127 1333 1194 igitur
1344 1127 1440 1195 potius
1459 1129 1546 1196 docet,
1566 1129 1663 1197 quales
1680 1128 1746 1182 velit
1765 1129 1845 1181 Deus
1863 1145 1921 1180 esse
1940 1145 1994 1197 eos,
2012 1144 2082 1196 qaas

303 1214 346 1300 ¹:¹³
381 1218 496 1283 propter
512 1211 655 1267 Christum
677 1212 745 1280 (fide
770 1214 1047 1288 apprehendendum)
1071 1232 1118 1270 eos
1137 1215 1219 1286 justi·
1245 1213 1304 1266 uult
1329 1213 1452 1282 servari,
1480 1231 1564 1282 quam
1582 1223 1612 1266 at
1629 1215 1815 1268 conditionem
1833 1216 1940 1283 eripui,
1962 1221 2082 1283 propter

381 1297 465 1352 ficare
482 1303 512 1354 et
529 1298 638 1354 salvare
650 1300 801 1368 constituit,
821 1307 850 1355 et
862 1318 913 1372 per
926 1319 1097 1373 consequens
1106 1309 1220 1371 propter
1246 1317 1330 1368 quam
1348 1300 1492 1368 possimus
1518 1301 1635 1356 servari.
1682 1299 1910 1371 Respondemus:
1934 1298 2082 1354 manifesta

380 1384 522 1439 Christum
540 1385 639 1455 elegit,
665 1385 732 1456 quia
758 1385 830 1440 illud
852 1387 1027 1457 justificandi
1046 1394 1074 1442 et
1092 1386 1217 1442 salsand'
1246 1392 1289 1439 est
1305 1402 1357 1438 vox
1377 1385 1529 1456 evangelii,
1557 1386 1607 1455 qai
1626 1386 1793 1454 crediderit,
1820 1386 1985 1439 salvabitur.
2021 1385 2082 1441 Etsi

381 1469 525 1526 decretum
549 1471 618 1525 nihil
642 1470 720 1525 aliud
743 1478 786 1526 est
802 1489 887 1543 quam
905 1474 1011 1529 electio.
1049 1473 1140 1538 Maior
1158 1489 1219 1543 pro·
1245 1471 1361 1540 proinde
1380 1470 1448 1526 tides
1469 1489 1524 1526 non
1542 1470 1704 1542 requiritur,
1732 1475 1764 1524 ιι
1791 1488 1860 1540 opus
1887 1470 2030 1541 quoddam
2053 1478 2082 1524 et

381 1556 483 1626 positio
506 1562 551 1611 est
572 1557 639 1610 satis
663 1557 825 1613 manifesta:
856 1577 928 1630 quae
953 1560 1026 1615 enirn
1050 1560 1079 1614 in
1097 1567 1220 1629 tempore
1246 1555 1389 1621 meritum,
1416 1563 1530 1629 propter
1549 1549 1624 1628 quod
1641 1556 1842 1627 justificamur,
1867 1562 1960 1610 tamen
1977 1556 2021 1610 hic
2042 1563 2083 1612 est

381 1641 482 1698 DEUS
494 1642 562 1713 agit,
580 1649 645 1698 sunt
656 1643 843 1699 manifestatio
854 1662 957 1713 eorum,
974 1662 1046 1717 quae
1059 1645 1094 1700 ab
1106 1652 1219 1700 aeterno
1246 1644 1314 1699 ordo
1338 1649 1368 1699 et
1391 1643 1461 1698 haec
1483 1643 1555 1698 ratio
1574 1644 1672 1698 salutis
1691 1642 1915 1714 consequendae,
1939 1649 1971 1695 ιι
1987 1643 2080 1696 creda-

382 1743 465 1798 sgere
480 1727 620 1789 decrevitt
641 1729 715 1799 quod
734 1738 763 1784 ιι
780 1731 919 1801 quomodo
932 1730 1033 1787 DEUS
1050 1730 1080 1784 in
1096 1739 1220 1800 tempore
1246 1746 1306 1782 mus
1324 1729 1353 1782 in
1374 1729 1520 1783 Christum.
1559 1729 1681 1783 Proinde
1699 1729 1773 1800 quod
1792 1729 1827 1782 de
1845 1727 1983 1798 evangelii
2001 1743 2080 1797 prae-

303 1816 371 1862 Μ.
382 1813 454 1883 agit,
478 1813 551 1868 illud
570 1818 598 1868 et
614 1832 669 1869 non
687 1814 778 1883 aliud3
803 1815 851 1871 illo
877 1823 905 1873 et
930 1834 987 1871 uon
1009 1816 1066 1878 ,alio
1084 1817 1165 1871 modo
1183 1816 1219 1871 ab
1246 1815 1384 1870 dicatione
1414 1815 1519 1869 fatetur
1544 1814 1696 1881 Zanchius,
1726 1814 1756 1868 in
1786 1830 1820 1867 ea
1848 1813 1953 1879 doceri,
1985 1811 2081 1882 quales

381 1906 494 1954 aeterno
515 1915 600 1970 agere
618 1900 754 1960 decrerim
773 1902 846 1956 sicut
859 1901 1069 1958 immutabilitas
1083 1902 1219 1958 essentiae
1246 1899 1313 1953 velit
1333 1899 1435 1957 DEUS
1454 1917 1514 1955 esse
1531 1916 1586 1964 eos,
1606 1917 1675 1969 quos
1694 1899 1755 1952 vult
1771 1898 1889 1966 servari,
1915 1897 1989 1951 idem
2007 1896 2081 1968 cogi-

382 1984 492 2040 diriu'ae
502 1985 940 2056 nonpatitur,utaliudDEUl1
953 1989 990 2043 ab
1002 1996 1115 2044 aeterno
1126 1989 1219 2044 decre
1247 1991 1288 2041 tet
1310 1986 1344 2040 de
1364 1986 1625 2058 praedestinatione,
1643 1985 1772 2038 nimirum
1791 1984 1921 2040 intuitum
1938 1982 2003 2039 fidei
2021 1985 2082 2054 ejus

382 2071 468 2138 ιίιιι,
492 2070 571 2123 aliud
589 2071 617 2124 in
635 2077 758 2142 tempore
777 2091 860 2143 agere
878 2074 1016 2129 dicamus:
1044 2074 1085 2129 ita
1109 2091 1219 2146 quoque
1246 2078 1340 2127 actum
1366 2073 1491 2143 ingredi,
1522 2089 1578 2126 non
1609 2078 1741 2142 tanquam
1769 2071 1939 2126 meritorium
1967 2069 2081 2139 aliquod

381 2155 417 2210 ob
434 2154 554 2212 eandem
571 2172 684 2211 ιιιιιιι
703 2158 760 2213 dici
785 2159 894 2230 nequit,
920 2160 1032 2217 DEUM
1055 2159 1111 2215 alio
1136 2160 1218 2214 modo
1246 2176 1331 2229 opus,
1360 2159 1409 2214 sed
1433 2159 1539 2213 ratione
1565 2157 1682 2225 ordinis;
1708 2157 1774 2228 quia
1800 2155 1928 2210 nimirum
1956 2156 2027 2210 sicut
2052 2155 2081 2209 in

380 2258 463 2313 agere
481 2242 519 2297 ab
538 2248 651 2297 aeterno
670 2243 842 2315 decrevisse,
869 2246 924 2302 alio
951 2246 1053 2302 deinde
1077 2245 1161 2300 modo
1190 2245 1219 2299 in
1246 2251 1371 2314 tempore
1388 2244 1466 2299 DEO
1485 2244 1579 2314 placet
1596 2262 1652 2300 non
1669 2242 1723 2297 nisi
1743 2242 1925 2298 credentesin
1942 2241 2081 2296 Christum

379 2334 504 2397 tempore
526 2344 618 2399 agere.
665 2328 772 2400 Repete
795 2331 878 2385 etiam
902 2349 937 2386 ex
964 2333 1024 2387 loco
1052 2331 1218 2402 apostolico:
1246 2347 1371 2395 servare,
1401 2330 1441 2384 ita·
1466 2330 1502 2386 ab
1527 2336 1640 2386 aeterno
1662 2329 1716 2400 ipsi
1743 2329 1862 2400 placuit,
1890 2346 1945 2384 non
1961 2327 2014 2381 nisi
2034 2344 2081 2382 ιοι

379 2414 532 2468 Beaediait
547 2433 598 2468 mos
609 2416 691 2468 Deus
706 2417 736 2470 in
750 2418 876 2488 Οιιιιιο,
894 2420 988 2477 καθὼς
1005 2419 1089 2486 elegit
1107 2419 1218 2488 inipso
1246 2415 1363 2487 eligere,
1388 2433 1458 2487 quos
1475 2415 1613 2486 praevidit
1631 2415 1757 2471 efficacia
1775 2414 1895 2484 Spiritus
1915 2433 1937 2468 ι.
1955 2432 2005 2485 per
2022 2430 2082 2469 ver·

378 2499 448 2570 Eph
468 2493 492 2568 1,
511 2519 538 2555 v.
558 2505 573 2554 3
592 2506 620 2556 ιι
637 2507 662 2556 t.
697 2503 776 2556 Haec
789 2511 830 2557 est
841 2505 971 2559 voluutas
989 2506 1064 2574 ejus,
1082 2506 1132 2574 qai
1142 2504 1219 2559 misit
1245 2501 1313 2556 bum
1330 2509 1541 2573 perseveranter
1565 2502 1595 2559 in
1613 2500 1753 2555 Christum
1776 2500 1938 2555 credituros.
1974 2507 1997 2557 3.
2014 2498 2102 2557 Per·

379 2602 428 2654 me,
446 2587 562 2654 Patris,
582 2586 650 2641 dicit
666 2586 792 2642 Christus
803 2589 904 2645 dohan.
924 2596 948 2659 6,
965 2609 992 2647 v.
1011 2597 1056 2659 40,
1073 2597 1104 2644 at
1120 2591 1218 2659 omnis,
1243 2587 1288 2659 git
1304 2587 1454 2658 Zanchius,
1481 2588 1508 2642 si
1531 2587 1732 2654 conditionalis
1758 2595 1798 2639 ιιι
1824 2586 1933 2656 electio,
1961 2605 2016 2640 aaa
2041 2592 2081 2639 est

377 2672 428 2739 qai
442 2672 521 2726 ridet
539 2672 647 2726 lilium
668 2681 694 2726 et
713 2675 803 2727 credit
822 2677 852 2729 ia
870 2693 939 2744 eam,
957 2694 1013 2729 aaa
1025 2685 1141 2745 pereat,
1167 2678 1219 2730 sed
1237 2677 1354 2744 fimaam
1370 2676 1517 2729 decretum.
1554 2673 1779 2744 Respondemus:
1806 2672 1912 2729 Verum
1936 2678 1990 2740 est,
2016 2668 2080 2737 talis

377 2757 478 2811 tabeat
496 2758 584 2811 ιιιιιι
602 2767 754 2815 ammaum.
795 2758 874 2816 Haec
902 2761 988 2817 etiam
1010 2761 1065 2817 fuit
1080 2761 1148 2816 DEI
1170 2780 1216 2817 so·
1244 2761 1374 2817 absoluta
1391 2759 1530 2816 certitudo
1548 2759 1692 2815 electionis
1705 2775 1763 2813 non
1777 2765 1819 2813 est
1836 2759 1994 2827 asserenda,
2012 2774 2079 2829 qua·

376 2841 471 2897 Ιιιιιι
489 2842 527 2896 ab
545 2849 674 2912 aetern03
691 2861 747 2898 non
767 2845 840 2899 enim
858 2846 887 2900 in
904 2853 1029 2917 tempore
1047 2847 1157 2903 demum
1176 2848 1215 2902 sic
1243 2846 1298 2900 lem
1328 2845 1481 2902 adversarii
1510 2850 1650 2908 statuunt,
1677 2845 1752 2916 quod
1777 2843 1884 2899 scilicet
1909 2845 1999 2899 renati
2024 2860 2080 2898 non

377 2928 449 2983 selle
473 2916 611 2984 decrevit:
641 2946 675 2983 ac
703 2929 820 3000 proinde
847 2931 962 2987 intuitus
993 2933 1085 2988 meriti
1112 2933 1215 2988 Christi
1242 2933 1351 3003 possint
1371 2933 1498 2988 excidere
1516 2931 1607 3002 gratia
1625 2929 1679 2985 Dei
1697 2937 1727 2985 ιι
1743 2930 1801 2985 vita
1819 2937 1944 2992 aeterna,
1969 2929 2079 2984 interim

376 3031 432 3070 non
450 3020 545 3084 potest
560 3014 669 3069 excludi
688 3031 706 3069 ι
724 3016 834 3071 decreto
845 3017 997 3084 electionis,
1018 3019 1122 3090 quippe
1140 3019 1214 3090 quod
1243 3025 1336 3075 tamen
1361 3023 1456 3081 manet
1479 3017 1543 3071 talis
1569 3016 1720 3084 certitudo,
1743 3033 1826 3086 quam
1851 3015 1995 3086 Scriptura
2018 3033 2080 3085 pro·

376 3099 446 3154 nihil
469 3106 514 3155 est
537 3099 629 3169 aliud,
653 3094 736 3170 quam
763 3108 904 3157 aeteruum
929 3103 1040 3159 divinae
1064 3105 1215 3160 voluntatis
1242 3105 1329 3175 ponit,
1348 3103 1477 3158 nimirum
1494 3102 1576 3173 quod.
1589 3101 1644 3171 illi,
1669 3101 1718 3173 qui
1741 3119 1791 3171 per
1818 3101 1903 3155 fidem
1921 3101 1950 3155 in
1971 3101 2080 3156 Christo

377 3186 413 3240 de
430 3185 671 3241 hominibusactu
684 3187 825 3257 salvandis
841 3189 1029 3259 propositum
1049 3189 1112 3246 ideo
1130 3192 1215 3246 etiam
1242 3195 1368 3258 manent,
1396 3207 1429 3244 ex
1457 3187 1584 3243 manibus
1609 3188 1669 3258 ejus
1687 3179 1757 3257 eripi
1776 3187 1964 3258 nonpossint
2006 3186 2080 3251 Quid

376 3278 452 3328 recte
469 3272 534 3344 quis
547 3272 675 3328 definiret
692 3275 876 3345 evangelium,
895 3276 970 3347 quod
987 3275 1024 3330 sit
1034 3278 1141 3332 aeterni
1152 3296 1214 3349 pro
1242 3293 1309 3331 vero
1326 3273 1508 3345 respondebit
1527 3273 1665 3328 Zanchius
1683 3274 1720 3327 ad
1738 3272 1790 3329 hoc
1807 3280 2010 3346 argumentum.
2050 3271 2079 3328 Si

378 3359 463 3429 positi
475 3358 544 3414 DEI
563 3360 598 3415 de
615 3359 771 3416 hominibus
790 3371 903 3432 propter
917 3362 1058 3419 Christum
1075 3364 1215 3420 salvandis
1242 3362 1361 3421 actuahs
1390 3360 1464 3416 vitae
1493 3366 1623 3415 aeternae
1647 3360 1803 3415 haereditas
1827 3359 1998 3430 promittitur
2022 3375 2078 3413 cre·

379 3444 408 3498 in
426 3450 555 3515 apertum
575 3446 683 3515 prolata
702 3449 885 3512 annuntiatio,
903 3449 943 3503 sic
957 3448 1063 3505 Paulus
1076 3449 1156 3506 Rom.
1177 3458 1215 3521 16,
1243 3447 1372 3503 deuthus
1391 3447 1444 3501 sub
1454 3446 1611 3501 conditione
1623 3446 1853 3515 perseverantiae,
1873 3463 1928 3500 non
1940 3445 1993 3501 erit
2004 3446 2079 3499 salus

378 3548 404 3584 r.
423 3536 466 3586 25.
484 3531 661 3601 evangelium
678 3549 758 3586 suum
776 3534 900 3588 nominat
915 3536 1095 3606 praeconium
1112 3536 1216 3591 Christi
1242 3533 1366 3603 ipsorum
1383 3531 1470 3588 firma.
1501 3531 1581 3588 idem
1595 3532 1670 3602 quod
1685 3531 1749 3585 huic
1762 3538 1926 3603 argumento
1944 3549 1976 3585 ex
1994 3532 2078 3587 verbo

374 3618 458 3686 juxta
466 3616 665 3672 revelationem
677 3618 802 3689 mysterii
818 3616 936 3676 aeternis
949 3622 1120 3691 temporibus
1129 3623 1216 3687 taciti,
1240 3618 1309 3676 DEI
1323 3619 1520 3691 respondetur,
1545 3618 1582 3671 ad
1600 3623 1794 3687 argumentum
1818 3634 1898 3671 snum
1916 3634 2077 3688 responsum

378 3702 548 3758 manifestati
559 3709 651 3758 autem
664 3721 738 3758 nunc
757 3710 785 3760 et
801 3705 1021 3778 perscripturus
1039 3707 1215 3778 propheticas
1241 3705 1296 3759 sibi
1320 3711 1425 3760 statuat
1444 3702 1596 3772 Zancliius,
1626 3701 1756 3755 nimirum
1779 3719 1839 3759 esse
1862 3703 1983 3757 medinm
2004 3703 2076 3758 inter

377 3788 407 3843 in
424 3805 521 3844 ornnes
537 3795 634 3859 gentes
660 3789 773 3845 revelati
791 3790 862 3862 Eph.
884 3798 914 3861 3,
937 3812 962 3847 v.
987 3797 1002 3849 8
1029 3800 1058 3849 et
1081 3802 1104 3849 9.
1138 3795 1215 3850 Dicit
1240 3790 1399 3846 absolutam
1440 3788 1636 3844 certitudinem
1676 3793 1704 3860 ιι
1748 3788 1821 3843 inter
1866 3788 2075 3847 dubitationem.

375 3874 430 3929 sibi
455 3875 552 3929 datam
575 3875 707 3946 gratiam,
734 3884 766 3930 ut
788 3877 860 3933 iuter
884 3885 983 3949 gentes
1008 3880 1214 3949 evangelizaret
1240 3884 1264 3933 4.
1287 3875 1388 3948 Pergit
1413 3874 1560 3931 Zanchius.
1610 3874 1643 3928 Si
1669 3875 1870 3929 coaditionalis
1897 3884 1937 3928 ιιι
1969 3876 2076 3945 electio,

374 3959 646 4031 impervestigabiles
673 3961 783 4017 divitias
810 3962 913 4018 Christi
942 3964 1020 4019 etin
1044 3965 1134 4020 lucem
1151 3983 1212 4036 pro-
1240 3983 1296 4018 ιιι
1315 3964 1369 4017 erit
1387 3963 1522 4029 preterita.
1558 3959 1782 4031 Respondemus:
1801 3960 1879 4016 Idem
1896 3962 1999 4032 poteris
2012 3979 2075 4017 con·
2088 3975 2126 4019 ιι.
2139 3974 2186 4018 tra

374 4046 462 4102 ferret
483 4035 719 4117 omnibui,'qnae
737 4047 774 4102 sit
796 4050 952 4106 communio
976 4050 1115 4123 mysterii,
1138 4052 1213 4122 quod
1240 4048 1353 4103 cludere
1374 4049 1408 4104 de
1429 4046 1640 4118 justificatione.
1676 4044 1808 4101 Gratuita
1831 4062 1865 4100 ιι
1889 4053 1943 4114 est,
1966 4047 2075 4102 interim

374 4137 436 4188 erat
452 4131 648 4187 absconditum
664 4131 681 4186 h
699 4134 800 4188 seculis
817 4135 848 4188 in
867 4135 937 4192 Deo.
1240 4141 1334 4189 tamen
1359 4152 1415 4190 non
1439 4134 1492 4188 nisi
1517 4133 1573 4187 lide
1595 4130 1790 4204 justificamur.
1828 4138 1852 4187 5.
1871 4133 1966 4186 Electi
1981 4152 2076 4187 sauses

303 4243 320 4269 s·
414 4224 473 4274 152.
506 4217 582 4290 Huic
606 4225 770 4289 argumento
789 4219 830 4275 ita
853 4221 1002 4291 respondet
1027 4220 1165 4277 Zanchius
1188 4229 1212 4277 5.
1241 4220 1344 4292 (inquit
1359 4219 1518 4290 Zanchius),
1537 4227 1568 4272 ιι
1588 4220 1748 4286 credamus,
1771 4224 1798 4271 et
1810 4219 1887 4287 fides
1906 4226 1947 4272 est
1966 4222 2077 4289 effectus

303 4293 349 4376 ff,
373 4304 411 4359 de
437 4310 494 4375 ιιι
524 4302 578 4360 Ι)ιί
601 4319 626 4357 ι.
646 4310 676 4370 2,
703 4322 731 4376 p.
750 4310 815 4360 631:
851 4308 905 4360 Est
935 4308 1049 4376 quidem
1076 4309 1215 4379 evangelii
1234 4307 1517 4376 praedestinationis.
1558 4310 1579 4359 1.
1600 4303 1661 4359 Cor.
1682 4310 1705 4371 ι,
1722 4321 1748 4356 v.
1769 4308 1817 4358 25:
1843 4304 2076 4358 Misericordiam

371 4390 555 4459 praedicatio
567 4391 727 4459 patefactio
747 4400 877 4446 aeternae
888 4394 1162 4461 praedestinationis
1180 4412 1213 4449 ιι
1239 4401 1401 4447 consecutus
1418 4411 1488 4461 sam,
1512 4398 1543 4444 ut
1563 4406 1649 4444 essem
1667 4388 1767 4452 fidelis.
1804 4389 1884 4457 Erpa
1902 4390 1999 4444 electio
2018 4408 2074 4444 ιιι

368 4483 466 4546 parte,
482 4478 535 4531 sed
551 4493 608 4531 nom
626 4476 657 4530 ia
676 4484 769 4530 totam.
807 4477 967 4547 Euporie,
987 4480 1054 4548 quia
1069 4482 1214 4550 patefacit
1240 4487 1280 4534 est
1293 4475 1699 4545 factumbcomditiomefidei.
1729 4473 1956 4546 Respondemus:
1974 4476 2073 4532 Fidem
2136 4463 2142 4469 ’

370 4561 448 4616 Mne
465 4578 526 4617 esse
549 4563 718 4618 ιοιιιιιιιιι
736 4563 849 4631 Patris,
875 4573 906 4618 ut
928 4566 1032 4634 ιιιιὶι,
1057 4568 1109 4637 qui
1124 4570 1214 4622 credit
1239 4583 1300 4622 esse
1322 4565 1453 4621 effectum
1476 4561 1679 4618 misericordiae
1702 4560 1814 4617 divinae
1840 4561 1960 4618 libenter
1978 4580 2075 4619 concc-

373 4649 407 4702 ιιι
422 4648 547 4714 lilium,
570 4650 671 4704 tabeat
689 4651 775 4704 vitam
794 4660 944 4706 semmam.
982 4655 1050 4709 Non
1068 4656 1099 4708 irs
1117 4662 1213 4721 totam,
1239 4653 1344 4721 dimus,
1375 4650 1447 4723 quia,
1468 4646 1571 4705 DEUS
1597 4664 1635 4718 ,ex
1663 4665 1739 4706 mera
1765 4648 1857 4720 gratia
1881 4667 1933 4720 per
1959 4650 2075 4705 verbum
2160 4696 2164 4701 .

371 4734 443 4804 quia
461 4753 518 4789 ιιι
532 4736 694 4804 patefacit,
718 4754 806 4805 usqae
835 4745 1004 4807 quormque
1024 4740 1139 4809 qrriuam
1157 4741 1213 4795 sint
1240 4744 1371 4811 operatur
1394 4737 1423 4792 in
1451 4734 1531 4790 nobis
1552 4733 1651 4803 iidem,
1676 4734 1751 4805 quod
1769 4751 1836 4807 ergo
1853 4736 1971 4805 Paulus,
1999 4735 2074 4806 quod

370 4820 434 4882 ilii,
452 4838 532 4893 ,ιιιι
558 4821 618 4876 salt
643 4822 674 4876 is
700 4820 842 4877 Christum
865 4825 981 4878 medere
1006 4833 1033 4880 et
1057 4827 1097 4880 itu
1126 4828 1213 4881 ιιιιιι
1239 4824 1341 4895 reliqui
1358 4822 1399 4895 pii
1417 4838 1513 4877 omnes
1528 4821 1659 4890 credunt,
1682 4820 1711 4875 id
1737 4821 1818 4876 unice
1843 4821 1954 4877 divinae
1971 4821 2075 4877 miseri·

370 4913 516 4970 ademtam
539 4906 650 4962 labere
692 4908 915 4978 Respondemus:
940 4909 1001 4964 Imo
1026 4927 1092 4965 vero
1110 4910 1212 4970 DEUS
1239 4910 1352 4966 cordiae
1369 4908 1561 4979 deputandum
1574 4913 1625 4974 est,
1642 4906 1752 4962 interim
1763 4912 1857 4962 tamen
1870 4923 1927 4961 non
1942 4907 2074 4977 sequitur,

369 4992 503 5049 omnibus
514 4991 598 5048 offert
608 4993 701 5049 media
714 4993 822 5058 fideiet
839 4994 944 5064 salutis,
961 4992 1021 5051 vult
1035 5014 1101 5068 ergo
1116 5015 1210 5054 omnes
1239 4997 1315 5066 quod
1341 4994 1482 5054 electionis
1505 4996 1648 5051 temetum
1670 5011 1726 5049 non
1748 4993 1921 5064 ingrediatur
1945 4992 2011 5048 fidei
2034 4993 2074 5048 in-

369 5078 487 5136 credere
507 5085 536 5136 ιι
553 5079 643 5134 salvos
661 5078 737 5145 fieri3
762 5080 883 5138 omnium
900 5088 943 5137 est
960 5086 989 5138 et
1008 5091 1212 5153 praeconcepta
1238 5083 1332 5138 tuitus.
1370 5080 1451 5138 Salus
1468 5086 1564 5136 nostra
1585 5080 1723 5151 dependet
1744 5079 1825 5134 unice
1847 5094 1865 5131 a
1882 5078 1950 5133 DEI
1969 5077 2073 5132 miseri-

368 5163 480 5236 opinio,
504 5167 582 5234 qaod
604 5168 684 5221 Deus
703 5167 829 5222 absolute
848 5170 986 5237 quaedam
1004 5186 1037 5223 ec
1054 5170 1212 5223 homiuibus
1239 5168 1342 5236 cordia,
1360 5185 1416 5222 non
1434 5184 1468 5222 ex
1486 5166 1617 5237 operibus
1637 5165 1738 5219 nostris
1755 5164 1799 5217 vel
1817 5180 1851 5218 ex
1867 5162 1947 5220 liberi
1966 5163 2074 5219 arbitrii

367 5251 573 5320 segregaverit,
598 5252 696 5320 quibus
720 5251 791 5305 solis
809 5256 1034 5323 praeparaverit
1048 5257 1153 5325 fldem,
1179 5260 1212 5310 ιι
1237 5253 1351 5321 viribus,
1372 5252 1481 5307 interim
1500 5258 1594 5307 ιιιιιι
1611 5250 1667 5306 fide
1685 5249 1830 5303 salvamur.
1945 5305 1948 5311 ,

368 5336 497 5406 loquitur
512 5334 663 5392 Zanchius:
683 5352 733 5391 nos
749 5352 892 5393 manemus
909 5338 939 5394 in
955 5342 1107 5406 voluntate,
1126 5356 1210 5412 quarn
1277 5345 1332 5394 15³.
1367 5338 1515 5410 Pergimus
1540 5335 1737 5409 argumentari.
1786 5333 1816 5390 si
1838 5333 1955 5391 intuitus
1980 5334 2071 5390 meriti
2085 5316 2198 5406 mm

367 5421 488 5476 verbum
513 5421 661 5492 revelavit:
689 5421 795 5477 seilicet
812 5421 924 5482 DEUM
946 5425 1033 5491 vella,
1059 5431 1091 5481 ut
1114 5443 1209 5481 omnes
1238 5424 1340 5480 Christi
1356 5441 1411 5479 non
1428 5424 1584 5495 ingreditur
1600 5420 1742 5477 electionis
1767 5420 1922 5490 decretum,
1945 5421 1995 5476 sed
2018 5420 2070 5476 sul-
2084 5420 2187 5511 affigo·

367 5514 458 5579 agant
476 5506 675 5578 poenitentiam
700 5512 729 5563 et
744 5514 953 5578 convertantur;
981 5511 1006 5565 si
1024 5511 1162 5567 Zanchins
1182 5519 1210 5567 ιι
1236 5519 1294 5568 tem
1321 5517 1364 5566 est
1385 5510 1522 5579 medium,
1547 5524 1598 5580 per
1621 5506 1696 5577 quod
1719 5507 1861 5562 decretum
1883 5507 1953 5562 illud
1970 5507 2070 5563 DEUS
2084 5522 2187 5570 prrsum

368 5591 761 5663 neumnensium,
784 5591 896 5650 DEUM
919 5594 956 5650 ab
977 5603 1091 5653 aeterno
1109 5597 1210 5654 iecisse
1237 5596 1406 5655 exsecutioni
1427 5597 1493 5652 dare
1511 5592 1668 5653 constituit3
1690 5599 1830 5664 sequetur,
1844 5601 1922 5650 extra
1931 5593 2068 5648 Christum
2083 5573 2197 5662 {35‘21‘23

368 5677 428 5735 tale
448 5679 600 5747 decretum,
621 5679 696 5751 quod
717 5679 787 5733 nolit
805 5678 940 5751 quosdam
957 5682 1095 5751 converti,
1117 5682 1208 5753 profe-
1235 5685 1339 5740 ιιιιιιι
1357 5698 1418 5738 esse
1437 5681 1614 5748 electionem,
1638 5683 1736 5748 utpote
1763 5697 1834 5750 quae
1859 5679 2022 5735 terminetur
2040 5680 2069 5732 in
2083 5674 2214 5765 {apprens-

365 5764 562 5837 rqnttabulas
579 5763 661 5855 istius
681 5764 794 5837 decreti„
824 5771 849 5822 2.
867 5764 967 5838 Pergit
977 5766 1129 5834 Zanchius:
1149 5770 1211 5834 Sed
1223 5769 1367 5836 ,amotum
1382 5766 1450 5826 DEI
1469 5767 1613 5825 voluntate
1630 5771 1659 5820 et
1682 5764 1806 5837 ιιδοιιᾳ.
1841 5766 1882 5821 At
1900 5779 2082 5835 consequens·
2095 5736 2177 5828 tm'

1699 5870 1739 5926 62
