5017 6675
886 635 937 691 DE
954 634 1171 694 ELECI'IONE
1187 635 1239 694 ΕΤ
1256 636 1558 698 REPROBA'I'IONE.
2031 647 2079 707 80·

378 783 522 840 euvenus.
559 782 588 842 si
615 791 689 843 esset
716 760 898 861 absqueboc
923 790 977 846 Dei
995 791 1106 862 ordine,
1128 809 1209 848 nemo
1236 788 1302 849 fidei
1326 794 1469 850 electionis
1492 796 1619 850 maritum
1644 795 1690 848 sel
1714 795 1903 865 operationem
1926 802 2070 868 acceptam

378 871 417 926 rel
447 870 569 939 sudhet,
600 873 678 944 (quia
707 874 767 944 ipse
796 895 911 957 omnem⁸
933 884 1057 932 nostrum
1084 879 1209 934 auditum
1235 881 1355 936 ierimus.
1399 889 1422 936 5.
1453 881 1527 945 Quin
1555 882 1609 936 imo
1640 882 1723 935 ctiam
1753 888 1847 937 nostro
1876 882 1985 936 auditui
2013 897 2070 936 uon

375 958 560 1028 patefactione
577 959 655 1013 vorbi
672 963 825 1030 praevenitl
842 964 887 1018 vel
901 953 1034 1032 crederet,
1053 966 1137 1036 (quia,
1155 965 1209 1020 nisi
1236 968 1419 1022 adscribimus
1437 967 1508 1021 hanc
1526 966 1590 1035 vim,
1612 968 1686 1038 quod
1706 969 1766 1037 ejus
1786 970 1883 1022 merito
1901 974 1950 1023 aut
1967 968 2070 1022 virtuts

375 1042 450 1097 Deus
474 1060 526 1115 per
550 1044 664 1099 verbum
688 1047 875 1103 constituisset
897 1066 957 1105 esse
982 1050 1080 1106 efficax
1101 1052 1130 1105 in
1150 1069 1208 1106 cor·
1234 1053 1421 1122 concipiamus
1443 1052 1539 1117 fidem,
1570 1053 1618 1106 sed
1639 1053 1814 1123 agnoscimus
1833 1053 1863 1106 in
1882 1070 1914 1107 eo
1934 1071 2069 1108 summam

374 1128 454 1184 dibus
474 1129 632 1200 bominum,
657 1148 739 1187 nemo
755 1136 913 1205 perveniret
930 1138 966 1190 ad
984 1135 1081 1192 fidem.
1101 1137 1207 1191 etiamsi
1236 1138 1300 1191 DEI
1319 1139 1541 1198 misericordiam,
1560 1138 1633 1208 quod
1650 1139 1789 1206 plauserit
1807 1139 1865 1208 ipsi
1878 1157 1934 1208 per
1952 1140 2069 1192 stultum

371 1215 415 1296 vel
439 1231 491 1286 per
518 1223 629 1271 centum
652 1234 737 1273 annos
757 1221 876 1289 audiret)
895 1222 940 1276 vel
960 1221 1112 1278 salvaretur
1132 1223 1208 1294 (quia
1233 1225 1472 1292 praedicationem
1497 1226 1591 1276 scissos
1610 1226 1713 1290 facere
1734 1226 1890 1287 medentes,
1916 1231 1937 1278 t.
1957 1223 2018 1278 Cor.
2047 1231 2069 1286 t,

370 1300 471 1356 electio
495 1301 532 1356 ad
555 1303 673 1358 salutm
692 1305 831 1375 dependet
850 1324 883 1361 ex
902 1309 960 1362 sola
979 1304 1133 1364 miserentis
1153 1309 1207 1362 Dei
1234 1329 1260 1363 v.
1287 1315 1327 1364 tt.
1373 1310 1490 1364 Remota
1517 1310 1584 1363 DEI
1615 1303 1801 1362 misericordia
1827 1326 1907 1364 nemo
1932 1309 1977 1364 vel
2003 1325 2069 1363 con·

370 1387 480 1459 gratia).
500 1394 523 1443 t.
536 1387 680 1443 Declarari
690 1396 783 1459 potest
800 1392 948 1462 explicatio
961 1400 1054 1448 nostra
1064 1394 1205 1461 antithesi,
1233 1395 1337 1463 ciperet
1366 1395 1449 1449 fidem
1475 1396 1518 1450 vel
1542 1395 1708 1449 salvaretur:
1741 1395 1880 1462 Breviter,
1903 1396 1933 1447 in
1959 1393 2012 1449 hoc
2038 1401 2067 1450 et

369 1490 453 1545 quam
480 1478 575 1527 textus
594 1474 724 1544 proponit
742 1476 770 1529 iu
790 1478 914 1548 exemplo
933 1480 1101 1534 iudaeorum
1120 1498 1145 1532 v.
1166 1487 1205 1533 ti.
1232 1480 1367 1534 similibus
1404 1482 1485 1535 dictis
1521 1499 1604 1535 causa
1634 1481 1777 1535 electionis
1806 1487 1833 1536 et
1859 1479 2067 1552 justificationis

374 1560 508 1622 Vidsrrtes
533 1561 630 1612 turbas
647 1562 757 1615 Jrrdaci
775 1566 876 1634 repleti
891 1575 956 1619 sriut
973 1567 1031 1620 selo
1054 1575 1078 1618 ct
1097 1574 1204 1618 coutra-
1233 1565 1365 1620 adimitur
1386 1566 1493 1619 viribus
1519 1582 1550 1619 ac
1570 1564 1673 1619 meritis
1695 1565 1822 1619 humanis
1843 1573 1871 1620 et
1888 1565 1987 1620 electio
2005 1582 2067 1635 gra·

369 1645 501 1698 dmcbuat
517 1646 568 1712 Iris,
587 1634 659 1714 qimi
677 1665 696 1699 a
716 1649 811 1702 Paulo
831 1651 995 1704 dicebantur
1014 1651 1205 1719 blasphemus·
1232 1652 1304 1706 tulta
1324 1652 1469 1720 asseritur,
1487 1669 1543 1705 non
1560 1661 1653 1706 autem
1671 1651 1777 1705 tollitur
1795 1651 1862 1705 ordo
1882 1650 1968 1703 divini
1986 1650 2066 1704 istius

370 1740 422 1785 tes.
466 1729 705 1794 Quemadmodum
738 1733 778 1787 illi
802 1735 859 1788 suis
883 1735 1147 1790 contradictionibus
1179 1742 1207 1789 et
1233 1736 1344 1791 decreti.

368 1817 552 1889 blasphemiis
570 1823 600 1872 et
615 1818 693 1877 verbi
711 1820 824 1891 repulsu
842 1823 1039 1887 ostendebant,
1056 1822 1130 1894 quod
1150 1839 1205 1876 non
1270 1828 1325 1876 ΠΙ.
1361 1822 1476 1892 Argum.
1489 1821 1538 1878 IV.
1563 1821 1625 1876 Joh.
1639 1828 1681 1891 10,
1699 1840 1723 1876 v.
1739 1828 1786 1878 26:
1811 1824 1864 1876 Vos
1875 1840 1931 1875 acu
1943 1821 2065 1889 creditas,
2078 1819 2206 1913 22⁶ngss

368 1909 449 1959 eraut
474 1903 596 1958 ordinati
618 1904 654 1958 ad
680 1905 811 1975 salutem,
836 1907 893 1962 sive
917 1908 991 1980 quod
1008 1925 1063 1961 non
1081 1915 1159 1962 erant
1176 1908 1204 1961 in
1232 1909 1299 1976 quia
1321 1926 1377 1962 sou
1398 1908 1463 1960 estis
1490 1923 1522 1958 cs
1544 1907 1639 1959 esitus
1662 1910 1737 1963 meis.
1773 1908 1856 1979 Ergo.
1898 1909 1988 1962 Pater
2006 1923 2133 1972 eosqui·
2146 1897 2194 1963 no'n

366 2004 485 2043 numero
503 1988 666 2044 electorum:
687 1989 727 2044 ita
744 1998 842 2062 gentes
862 1993 1005 2047 audientes
1024 2010 1087 2046 cum
1101 1993 1204 2064 gaudio
1231 1995 1308 2047 lestis
1325 1994 1386 2047 illis
1404 1994 1493 2046 solsrm
1513 1993 1571 2045 uult
1589 1996 1659 2046 durs
1670 1995 1773 2062 fidem,
1794 1995 1844 2063 qui
1859 2001 1923 2046 suut
1939 1977 2182 2066 ubsolmofflssss'

366 2080 397 2129 et
421 2072 612 2145 glorificantes
638 2076 753 2130 verbnm
778 2077 891 2131 Domini
916 2077 1082 2146 credebant,
1108 2084 1137 2131 et
1165 2077 1203 2145 sic
1232 2082 1343 2133 decreto
1362 2080 1450 2147 electi,
1467 2079 1587 2146 reliquis
1598 2097 1655 2132 sorr
1667 2080 1739 2134 item.
1766 2078 1865 2147 Respa
1881 2077 2173 2169 ¹·0011l01tmff,⁸,{·„

364 2159 460 2230 reipsa
478 2159 715 2230 manifestabatur,
734 2163 809 2234 quod
829 2164 1051 2218 erantadvItam
1064 2169 1203 2217 aeternam
1231 2166 1340 2236 integer
1363 2165 1402 2219 sic
1426 2165 1524 2220 habet:
1545 2166 1671 2221 Christus
1694 2166 1763 2219 dicit
1786 2166 1822 2220 ad
1839 2165 1976 2220 iudaeos:
2011 2165 2065 2218 Vos
2125 2156 2132 2168 '
2173 2155 2181 2169 ’

364 2244 520 2300 ordinatae
557 2252 582 2301 5.
601 2246 740 2302 Addimus
760 2248 843 2301 etiam
862 2266 895 2303 ex
914 2265 939 2302 v.
958 2254 998 2304 so.
1034 2249 1145 2302 Juduei
1161 2267 1203 2302 re·
1231 2269 1287 2303 nou
1309 2252 1438 2317 creditis,
1465 2251 1533 2320 qssia
1556 2252 1696 2303 nonestis
1721 2268 1753 2304 ca
1777 2253 1872 2303 ouibus
1889 2251 1973 2316 ποίη
1993 2251 2066 2303 sicut

360 2331 500 2401 pellendo
521 2332 632 2385 vebum
658 2351 688 2385 se
712 2334 788 2402 ipsos
811 2335 943 2403 indignos
959 2336 1126 2403 judicarunt
1144 2337 1202 2389 cita
1231 2336 1294 2388 diui
1315 2336 1409 2390 uobis:
1443 2352 1506 2387 oues
1531 2352 1608 2388 meae
1632 2352 1725 2388 uocem
1750 2353 1839 2388 mam
1866 2338 1987 2389 audiunt
2013 2340 2065 2390 eia.

366 2425 500 2484 adeum·
523 2433 579 2471 non
602 2434 667 2488 ergo
691 2418 819 2473 absoluto
839 2421 950 2475 decreto
968 2426 1048 2475 erant
1064 2421 1168 2475 exclusi
1187 2438 1202 2475 e
1229 2422 1282 2475 His
1300 2438 1366 2492 ergo
1379 2420 1470 2475 verbis
1482 2420 1608 2475 Christus
1625 2421 1872 2477 revocatdudaeos
1888 2421 1924 2474 ad
1938 2421 1976 2489 id,
1991 2421 2067 2492 quod

366 2519 454 2575 regno
473 2502 627 2557 coelorum:
652 2505 701 2559 sed
717 2505 783 2576 quia
800 2507 930 2575 verbum,
959 2507 1056 2560 salutis
1074 2506 1203 2573 medium,
1230 2507 1314 2578 paulo
1337 2512 1402 2561 ante
1424 2506 1531 2560 dixersu
1554 2524 1580 2560 v.
1599 2511 1623 2560 3.
1661 2507 1731 2560 Ores
1756 2525 1824 2559 sues
1847 2507 1949 2559 audire
1973 2523 2067 2560 uocem

365 2589 549 2659 repellebant.
586 2589 663 2645 Deus
686 2591 814 2647 absoluto
838 2594 957 2664 quodam
976 2593 1039 2647 odio
1057 2611 1112 2647 non
1129 2592 1203 2664 judi·
1230 2594 1300 2661 ejus,
1315 2598 1411 2662 utpote
1429 2591 1563 2661 pastoris:
1583 2608 1655 2662 quae
1667 2598 1734 2646 nota
1746 2607 1809 2645 cum
1828 2591 1895 2661 ipsit
1909 2592 1989 2659 desit,
2002 2592 2066 2646 ideo

331 2709 339 2722 ·
368 2682 481 2731 caverat
498 2692 546 2731 eos
565 2676 623 2730 vita
640 2683 753 2732 aeterna
770 2678 907 2750 indignos,
926 2680 975 2733 sed
997 2679 1051 2748 ipsi
1068 2678 1201 2750 pertinaci
1229 2696 1275 2734 eos
1294 2697 1350 2732 non
1367 2694 1428 2732 esse
1448 2693 1481 2730 ex
1499 2677 1592 2733 ovium
1610 2695 1722 2731 suarum
1735 2695 1855 2733 numero.
1887 2684 1911 2733 2.
1933 2678 2066 2748 llicergo

367 2778 417 2816 suo
443 2765 587 2817 contemtu
615 2779 645 2817 se
673 2762 748 2832 ipsos
774 2764 814 2818 ita
842 2770 955 2819 aeterna
977 2765 1107 2836 indignos
1128 2764 1202 2835 judi·
1229 2770 1272 2819 est
1291 2780 1388 2818 sensus
1405 2761 1552 2837 verborum
1571 2760 1687 2816 Christi:
1704 2764 1770 2815 Nou
1788 2764 1917 2830 meridie,
1938 2763 2005 2832 quia
2023 2778 2065 2816 re-

366 2853 472 2902 curunt.
519 2847 687 2919 Simpliciter
717 2850 803 2922 igitur
832 2851 1033 2907 ordinationem
1064 2850 1140 2904 illam
1165 2850 1201 2904 ad
1229 2850 1357 2920 pellendo
1376 2865 1438 2903 mea
1456 2848 1542 2903 verba
1558 2864 1588 2901 re
1604 2847 1666 2917 ipsa
1684 2847 1841 2915 ostenditis,
1872 2848 1967 2902 deesse
1985 2848 2065 2902 vobis

366 2933 452 2988 vitam
477 2939 619 2989 aeternam
642 2935 676 2989 de
694 2936 827 2991 electione
846 2936 1011 3008 accipimus,
1034 2937 1150 3006 perinde
1169 2953 1201 2989 ac
1228 2953 1321 2990 veram
1340 2934 1415 2988 illam
1435 2939 1463 2988 et
1477 2933 1617 3003 propriam
1631 2934 1723 2988 ovium
1737 2950 1858 2988 mearum
1871 2940 1973 3003 notam,
1988 2934 2063 2989 ideo·

365 3019 389 3072 si
409 3019 516 3074 dictum
534 3028 619 3074 esset:
647 3021 836 3087 crediderunt,
861 3018 998 3094 quotquot
1020 3026 1099 3079 erant
1121 3022 1202 3076 electi
1228 3039 1283 3093 que
1293 3037 1342 3075 vos
1350 3036 1405 3074 non
1417 3035 1477 3074 esse
1488 3036 1520 3073 ex
1531 3019 1601 3074 meis
1610 3019 1717 3073 ovibus.
1726 3019 1832 3074 Erasm.
1846 3020 1875 3073 in
1885 3035 1991 3090 persp:
2007 3021 2063 3074 Vos

366 3105 402 3158 ad
423 3103 510 3158 vitam
528 3111 677 3161 aeternam.
713 3107 772 3162 Nec
786 3115 879 3162 tamen
897 3107 962 3162 inde
979 3107 1117 3185 sequitur:
1136 3125 1201 3179 ergo
1228 3110 1292 3162 ideo
1316 3125 1371 3161 nou
1392 3107 1559 3174 coquoscitis
1584 3123 1673 3158 meum
1691 3123 1797 3174 vocem,
1828 3106 1897 3176 quia
1921 3123 1977 3160 sou
1994 3106 2063 3159 estis

365 3190 493 3245 absolute
521 3199 548 3245 et
573 3194 684 3263 proprie
707 3194 847 3265 loquendo
867 3193 964 3249 electio
978 3200 1020 3249 est
1031 3210 1117 3247 causa
1128 3192 1201 3252 fidei.
1228 3198 1263 3248 ds
1281 3210 1396 3247 numero
1409 3209 1532 3245 mearum
1551 3192 1649 3260 omum,
1664 3209 1783 3261 quarum
1801 3191 1970 3261 simplicitas
1987 3193 2064 3245 doci-

365 3275 437 3330 Nam
465 3281 486 3331 1.
518 3276 648 3332 dicuntur
673 3278 806 3346 ordinati,
831 3296 887 3332 non
913 3279 950 3333 ad
975 3277 1073 3342 fidem,
1096 3279 1145 3333 sed
1164 3279 1200 3332 ad
1228 3283 1331 3349 iisset,
1350 3297 1412 3332 cum
1429 3295 1479 3331 cos
1496 3278 1623 3330 habeatis
1637 3278 1909 3332 animosumbitions
1925 3278 2064 3348 turgidos,

364 3361 451 3416 vitam
476 3368 624 3418 aeternam.
669 3370 691 3420 2.
710 3364 853 3419 Ordinatio
876 3363 926 3419 illa
948 3382 998 3419 seu
1022 3366 1120 3421 electio
1145 3383 1200 3420 uon
1228 3370 1294 3423 odio
1312 3369 1504 3429 fermentatos,
1523 3365 1612 3417 tinore
1623 3373 1778 3432 corruptos,
1798 3366 1922 3418 avaritie
1934 3364 2064 3433 infectos,

365 3455 409 3503 est
432 3448 570 3503 absoluta.
611 3456 635 3506 3.
657 3449 727 3513 Quia
753 3452 809 3504 alia
832 3468 917 3506 causa
940 3451 1004 3505 fidei
1029 3451 1133 3506 ibidem
1158 3469 1200 3506 as·
1226 3455 1371 3522 crustisque
1389 3452 1488 3504 mundi
1500 3451 1584 3518 liujus
1598 3450 1798 3518 cupiditatibus
1811 3451 1933 3503 cits'otos.
1952 3449 2065 3520 Lyram:

364 3534 501 3606 signatur,
521 3535 628 3591 scilicet
646 3536 757 3591 auditus
777 3537 863 3593 verbi.
901 3544 924 3592 t.
944 3536 1125 3609 Evangelista
1145 3554 1199 3592 non
1233 3542 1287 3594 Vos
1298 3558 1354 3592 nou
1369 3539 1479 3591 estisea
1492 3536 1675 3604 ouibusmcis,
1691 3538 1710 3592 i.
1729 3553 1751 3589 s.
1770 3537 2064 3589 innocentesctlsumi·

363 3620 425 3674 vult
454 3620 508 3674 iste
537 3621 622 3677 verbo
648 3623 763 3678 reddere
790 3624 939 3689 rationem,
969 3624 1147 3694 quamobrem
1172 3623 1199 3676 bi
1227 3627 1275 3695 les,
1293 3627 1345 3679 sesi
1360 3624 1475 3692 superbi
1492 3629 1517 3675 et
1536 3620 1662 3688 maligui,
1685 3630 1710 3674 et
1728 3622 1794 3674 ideo
1814 3621 1872 3674 Dei
1886 3621 2000 3688 judicio
2019 3638 2063 3673 es·

364 3706 543 3773 crediderint,
566 3708 612 3761 alii
632 3726 687 3763 non
706 3709 883 3773 crediderint,
905 3711 954 3764 sed
973 3711 1114 3765 declarare
1133 3728 1200 3781 quo·
1225 3711 1343 3764 coecati.
1388 3715 1411 3764 3.
1437 3708 1519 3762 Hauc
1548 3706 1801 3775 interpretationem
1833 3706 1951 3776 probant
1980 3705 2064 3761 etiam

363 3793 447 3847 modo
466 3791 544 3847 Deus
563 3794 762 3848 ordinationem
781 3813 859 3849 suam
880 3794 908 3848 in
925 3796 1016 3864 hisce,
1041 3796 1088 3866 qui
1106 3796 1199 3850 crede·
1227 3795 1437 3867 consequentia:
1463 3795 1517 3847 Vos
1534 3810 1589 3846 uon
1603 3794 1727 3862 creditis,
1748 3794 1816 3861 quic
1835 3809 1867 3845 es
1883 3793 1979 3845 ociosis
1994 3794 2064 3848 meis

363 3877 447 3936 baut,
468 3879 582 3949 exsequi
602 3879 765 3947 instituerit,
792 3888 820 3936 et
839 3882 900 3953 quis
918 3881 1024 3936 fructus
1045 3882 1073 3935 vi
1092 3881 1199 3936 ordina·
1226 3902 1282 3936 son
1308 3883 1383 3938 estis.
1411 3898 1436 3935 v.
1457 3885 1497 3935 tt,
1533 3880 1604 3932 Ores
1622 3897 1698 3933 meos
1714 3895 1805 3933 vocem
1827 3895 1917 3931 mcum
1935 3879 2064 3934 audiunt.

363 3965 449 4018 tionis
472 3965 582 4020 divinae
600 3966 685 4022 fidem
702 3968 813 4022 illorum
834 3968 871 4022 sit
887 3969 1076 4035 insecuturus,
1100 3984 1200 4037 nempe
1229 3969 1284 4032 Qui
1300 3967 1383 4021 audit
1400 3984 1419 4019 a
1435 3965 1523 4019 Patre
1543 3973 1569 4018 et
1586 3966 1679 4033 discit,
1708 3966 1759 4019 ilie
1776 3966 1849 4018 vend
1866 3966 1907 4017 ad
1925 3966 2065 4019 Christum

363 4050 424 4104 vita
440 4058 562 4106 aeterna.
905 4116 912 4125 .
1227 4063 1253 4107 et
1265 4056 1301 4123 fit
1320 4054 1378 4106 ovis
1396 4051 1509 4105 Christi.
1530 4050 1593 4105 doh
1613 4056 1637 4118 6,
1655 4069 1681 4103 v.
1700 4058 1741 4109 45.
1778 4050 1851 4115 Quia
1868 4050 1954 4121 igitur
1962 4050 2065 4106 iudaei

313 4152 326 4181 ι
403 4142 459 4192 tit).
495 4138 611 4208 Argum.
630 4138 683 4194 III.
719 4138 781 4193 Job.
806 4145 849 4208 15,
873 4158 898 4192 v.
922 4145 965 4194 16:
1001 4140 1067 4192 Nos
1087 4157 1136 4193 uos
1157 4157 1199 4193 mc
1226 4156 1278 4194 nec
1299 4138 1414 4193 verbum
1432 4135 1593 4202 audiebant,
1611 4152 1662 4190 nec
1681 4135 1813 4191 miracula
1832 4136 1982 4200 curabant,
2000 4136 2064 4191 ideo

313 4203 504 4291 adequatis,
529 4225 581 4275 sed
603 4241 653 4292 syo
673 4225 746 4293 clegi
760 4244 817 4281 uos.
853 4226 932 4292 Erqo
948 4227 1010 4293 fids
1027 4233 1125 4278 nostru
1144 4243 1200 4278 aon
1226 4225 1296 4279 dicit
1313 4224 1447 4289 Christus,
1467 4239 1514 4273 cos
1533 4240 1589 4274 uon
1608 4238 1666 4275 esse
1685 4239 1717 4274 es
1734 4222 1794 4274 suis
1814 4223 1915 4277 osibrm
1951 4228 1975 4278 t.
1997 4221 2064 4276 Pot-

314 4306 339 4344 ⁸⁹
362 4310 559 4379 praevenimus
571 4311 730 4364 electionem
744 4313 809 4364 Dei.
832 4310 1054 4381 Respondemus:
1076 4316 1097 4365 1.
1111 4310 1200 4366 Nemo
1226 4318 1270 4366 est
1287 4310 1341 4365 huc
1358 4307 1513 4363 collationis
1532 4307 1624 4378 gratia
1641 4306 1737 4362 referri
1756 4307 1833 4361 locus
1850 4306 1913 4362 doh.
1930 4313 1960 4376 8,
1979 4324 2004 4360 v.
2021 4313 2062 4362 tt.

366 4402 489 4450 nostrum
518 4394 597 4464 dicit,
630 4397 704 4467 quod
730 4397 785 4451 fide
815 4405 908 4452 nostra
934 4397 1095 4452 electionem
1121 4413 1199 4467 prae·
1222 4405 1374 4467 propterea
1398 4413 1447 4448 vos
1471 4411 1528 4446 aon
1548 4395 1668 4461 auditis,
1694 4394 1761 4462 quia
1780 4411 1813 4447 ea
1830 4396 1894 4447 Deo
1912 4411 1968 4447 uon
1988 4395 2064 4448 estis.

366 4482 522 4536 veniamus:
551 4480 620 4536 fides
650 4498 682 4536 ex
709 4483 800 4562 grstia
827 4482 881 4538 Dei
907 4482 1035 4554 eligentis
1063 4484 1145 4536 datur
1171 4483 1199 4536 in
1226 4481 1465 4549 Quemadmodum
1486 4479 1559 4534 enim
1581 4478 1621 4533 ibi
1646 4478 1770 4533 Christus
1795 4477 1912 4549 probat,
1939 4478 2063 4534 «ludaeos

368 4574 503 4638 tempore:
527 4568 625 4621 electio
649 4569 685 4623 ab
714 4576 826 4624 aeterno
849 4568 926 4623 facta
949 4576 1000 4625 est.
1037 4574 1060 4623 2.
1080 4567 1136 4623 Sed
1153 4586 1200 4623 ne·
1225 4568 1291 4623 licat
1312 4567 1422 4622 DEUM
1446 4566 1558 4621 Patrem
1590 4583 1670 4620 suum
1693 4583 1754 4620 esse
1779 4565 1978 4636 gloriarentur,
2006 4582 2061 4619 non

368 4670 421 4725 que
441 4651 496 4707 hoc
520 4653 657 4724 sequitur.
682 4654 706 4707 si
730 4654 846 4708 intuitus
863 4654 929 4708 tidei
948 4654 1090 4709 electionis
1108 4660 1198 4707 actum
1224 4672 1285 4709 esse
1303 4671 1336 4709 ex
1354 4652 1439 4720 DEO,
1459 4657 1622 4723 argumento
1641 4668 1689 4718 eo,
1707 4651 1774 4723 quia
1793 4667 1848 4705 non
1866 4652 1980 4706 audiant
1999 4667 2058 4705 ver·

368 4737 534 4809 ingreditur,
560 4755 625 4809 ergo
643 4739 720 4793 Deus
744 4756 800 4793 non
825 4739 904 4810 eligit
925 4756 991 4807 nos,
1015 4740 1063 4794 sed
1090 4739 1201 4809 ipsimet
1225 4740 1292 4795 bum
1311 4738 1394 4807 DEI3
1414 4739 1454 4792 ita
1469 4738 1521 4792 boc
1538 4738 1598 4793 loco
1618 4738 1718 4808 probat
1729 4738 1854 4793 Judaeos
1872 4754 1927 4791 non
1947 4752 2006 4790 esse
2025 4753 2059 4790 ex
2072 4751 2107 4794 Ν.
2121 4749 2168 4793 ala.

365 4840 414 4878 uos
438 4822 579 4894 eligimus3
603 4841 694 4894 neque
717 4824 789 4878 enim
819 4826 949 4892 dicimus,
975 4825 1049 4895 quod
1072 4824 1142 4879 fides
1162 4825 1199 4879 sit
1224 4825 1323 4880 ovibus
1349 4823 1418 4893 suis,
1446 4824 1513 4893 quia
1535 4841 1591 4878 uon
1614 4823 1730 4877 audiant
1749 4840 1844 4878 vocem
1861 4821 1987 4893 pastoris.

365 4925 448 4964 causa
474 4910 613 4964 meritoria
640 4910 684 4964 vel
708 4909 831 4965 efficiens
859 4911 1016 4977 electionis,
1046 4916 1097 4964 aut
1123 4910 1197 4981 quod
1261 4918 1317 4967 172.
1354 4911 1470 4980 Argum.
1490 4908 1525 4965 V.
1564 4908 1641 4964 Rom
1669 4915 1698 4971 a,
1727 4927 1752 4963 v.
1782 4915 1825 4963 iti:
1853 4910 1918 4962 Nou
1948 4916 1987 4960 est
2015 4904 2189 4962 rso-⁵3⁰2&

363 5001 476 5065 pmpter
499 4993 583 5049 tidem
601 4996 678 5049 Deus
703 5012 753 5050 nos
779 4996 900 5067 elegerit.
937 5003 960 5051 3.
978 4995 1097 5050 Perinde
1116 5002 1149 5050 ut
1168 4996 1197 5049 in
1208 4984 1212 5084 i
1223 4998 1314 5062 lentis,
1335 5015 1385 5050 nec
1404 4995 1555 5064 currentis3
1577 5000 1600 5050 1.
1618 4995 1682 5051 Joh.
1702 5002 1725 5062 t,
1743 5011 1768 5047 v.
1791 5002 1835 5051 10:
1853 4996 1891 5048 In
1909 5011 1941 5047 eo
1959 5002 1999 5048 est
2018 4995 2060 5048 di·
2072 4958 2177 5049 §rilindi

363 5080 478 5135 articulo
505 5079 710 5149 justificationis
740 5098 796 5135 non
828 5083 894 5136 licet
919 5081 1034 5137 inferre:
1061 5082 1138 5136 Deus
1166 5081 1195 5134 in
1223 5085 1319 5151 lectio,
1345 5101 1401 5136 non
1419 5084 1495 5151 qrsod
1514 5099 1565 5134 uos
1583 5082 1763 5134 ‹tricass-imas
1782 5083 1876 5134 Deum
1895 5089 1943 5135 etc.
1979 5083 2060 5149 Ergo
2073 5070 2181 5153 1:32¹an-

364 5164 504 5221 Christum
527 5166 672 5221 credentes
697 5167 841 5236 justificat.
878 5169 953 5239 Ergo
978 5185 1033 5223 non
1048 5169 1126 5222 Dens
1146 5167 1195 5221 sed
1216 5170 1291 5239 fidei
1308 5169 1423 5221 introitus
1442 5185 1499 5221 nou
1512 5166 1982 5235 increditurslectiouisdecretum.
2005 5167 2060 5220 Re·

361 5251 413 5323 ipsi
439 5267 470 5305 se
492 5249 661 5321 justificant:
685 5253 725 5306 ita
748 5270 858 5324 quoque
876 5254 905 5307 in
923 5254 1034 5308 decreto
1054 5253 1195 5309 electionis
1221 5256 1403 5326 spondemus:
1423 5259 1444 5308 l.
1459 5253 1641 5307 Hoctantum
1660 5267 1693 5304 ex
1707 5251 1761 5304 illis
1781 5257 1809 5305 et
1821 5250 1957 5306 similibus
1975 5252 2059 5307 dictis

361 5355 415 5392 uon
435 5337 563 5407 procedit
581 5336 648 5391 haec
666 5337 805 5392 collectio:
841 5338 942 5394 DEUS
960 5339 1063 5393 intuitu
1080 5338 1145 5394 fidoi
1166 5339 1195 5394 in
1221 5342 1358 5413 sequitur,
1387 5339 1498 5396 DEUM
1523 5357 1578 5393 non
1601 5337 1719 5408 elegisse
1735 5353 1786 5390 nos
1804 5343 1917 5407 propter
1934 5344 2058 5392 nostrum

361 5421 502 5477 Christum
530 5437 581 5474 nos
608 5422 700 5493 elegit.
741 5422 817 5494 Ergo
844 5424 956 5493 ipsimet
980 5441 1030 5478 nos
1052 5426 1194 5503 elegimus.
1220 5433 1360 5495 conatum,
1380 5426 1425 5479 vel
1441 5431 1556 5495 propter
1572 5425 1645 5479 bona
1662 5439 1760 5493 opera,
1780 5424 1823 5478 vel
1842 5423 1925 5478 etiam
1945 5431 2058 5495 propter

361 5514 384 5563 t.
402 5508 503 5563 Fidem
520 5502 642 5561 nostram
657 5523 784 5577 expresse
803 5508 935 5577 dicimus,
953 5528 1003 5564 nos
1020 5527 1075 5564 uon
1093 5510 1195 5566 habere
1220 5513 1312 5569 fidem.
1349 5512 1437 5567 Omne
1451 5508 1673 5582 justificationis,
1694 5510 1853 5564 salvationis
1873 5518 1900 5564 et
1917 5510 2057 5565 electionis

361 5610 393 5648 ex
422 5592 530 5647 viribus
560 5591 674 5661 nostris,
705 5593 754 5646 sed
789 5608 823 5647 ex
852 5593 912 5647 sola
940 5593 1007 5649 DEI
1041 5596 1194 5651 miserentis
1221 5599 1348 5653 meritum
1368 5597 1484 5652 siveris
1502 5594 1632 5648 adimitur
1651 5596 1780 5664 operibus
1799 5595 1913 5663 nostris,
1942 5603 1971 5649 et
1991 5594 2058 5649 DEI

359 5680 458 5752 gratia,
477 5679 525 5750 qni
543 5694 594 5749 per
610 5677 734 5746 verbum,
754 5676 879 5732 efficacia
899 5677 1017 5749 Spiritus
1036 5699 1067 5745 s,
1086 5698 1148 5735 eam
1165 5682 1193 5735 in
1219 5683 1423 5739 misericordiae
1449 5681 1478 5734 in
1505 5680 1623 5734 solidum
1650 5680 1793 5734 tribuitur:
1822 5697 1877 5734 non
1904 5687 1997 5733 autem
2023 5697 2057 5734 cx

359 5764 491 5820 cordibus
519 5763 620 5819 nostris
647 5763 783 5819 accendit.
838 5762 961 5835 Ideoque
989 5763 1079 5835 ipsam
1110 5766 1193 5821 tidem
1219 5771 1274 5825 illis
1293 5768 1388 5825 inferri
1407 5772 1511 5838 potest,
1531 5765 1583 5820 sub
1600 5764 1666 5821 fidei
1684 5766 1786 5821 intuitu
1804 5782 1861 5820 non
1877 5781 1937 5820 ease
1953 5763 2056 5819 iactam

360 5850 515 5925 operationi
533 5850 601 5906 DEI
620 5851 749 5923 eligentis
765 5850 1003 5907 trmmmibimus:
1027 5840 1084 5907 uon
1099 5861 1194 5911 autem
1219 5855 1392 5911 electionem.
1426 5858 1450 5909 2.
1470 5851 1512 5911 Ut
1528 5852 1601 5908 enim
1619 5851 1649 5907 in
1665 5850 1792 5912 sutrim
1808 5850 1844 5905 de
1857 5847 2065 5936 justificatione

315 4447 344 4491 ΙΙ.
