5017 6675
335 538 337 545 '
431 553 493 615 252
553 500 559 515 ι
1100 538 1469 601 manaremus

433 715 563 773 sper-me,
589 701 709 770 dilipere
726 708 775 755 aut
788 700 931 770 poenitere
945 714 1043 767 posse,
1067 698 1139 753 siuet
1157 704 1272 767 operui,
1297 694 1344 750 fol.
1365 699 1412 751 tt:
1431 700 1567 763 quatenus
1586 694 1701 750 DEUS
1715 708 1769 749 sua
1784 693 1883 762 pratia
1896 709 2005 765 semper
2018 702 2141 765 praesto

435 797 467 843 ut
486 790 514 841 ci
523 786 738 858 justificationis
756 786 851 853 pratia
870 785 1043 852 conse-ratur,
1063 784 1212 837 anatliema
1226 782 1271 835 sit.
1297 789 1353 849 est,
1376 781 1405 834 si
1426 782 1530 835 uiderit
1550 782 1675 835 unirrnem
1692 784 1734 835 ud
1751 782 1812 851 ejus
1830 782 2032 851 susceptionem
2048 800 2140 854 para·

435 875 503 931 cin.
521 880 552 931 t:
572 873 607 929 ss·
624 875 688 943 quis
707 872 825 939 dinem,
848 871 964 923 liberum
984 870 1105 924 bominis
1121 868 1272 924 arbitrium
1296 874 1354 921 tum
1375 875 1403 921 et
1416 876 1591 938 promptum,
1609 869 1636 921 ei
1653 887 1709 921 non
1727 870 1908 922 reluctantem
1926 870 2053 937 reperiat
2070 870 2142 941 (qua

434 961 529 1014 aDeo
542 968 645 1014 motum
657 967 683 1012 et
692 958 837 1012 recitatum
850 957 921 1011 nibil
932 958 1082 1025 cooperari
1092 956 1271 1011 assentiendo
1296 952 1404 1009 rationo
1440 953 1580 1008 stabilitur
1613 954 1741 1009 meritum
1772 954 1808 1009 elo
1837 958 1979 1025 congruo).
2010 954 2059 1009 fol.
2092 960 2140 1011 ts:

434 1046 567 1101 ercitum
577 1054 660 1117 morse
673 1045 792 1111 uocanti,
813 1060 867 1112 ano
881 1045 922 1096 ad
939 1044 1118 1097 obtinendam
1133 1042 1272 1111 jrutifica·
1299 1038 1412 1094 Duas
1437 1040 1579 1094 desiderio
1603 1041 1717 1110 peccati
1739 1049 1764 1093 et
1789 1041 2030 1109 concupiscentiae
2052 1058 2140 1112 prae·

434 1136 518 1189 tionis
535 1132 658 1203 qratiam
676 1147 706 1184 se
724 1131 855 1200 disponat
876 1147 910 1183 ac
929 1137 1097 1200 praeparet,
1122 1146 1171 1183 nee
1187 1144 1272 1198 posse
1298 1124 1370 1190 feeit
1386 1126 1525 1179 rationem
1541 1126 1713 1195 libertatem,
1737 1126 1815 1195 cujus
1834 1126 1951 1195 imperio
1970 1128 2141 1197 subjiciatur

433 1220 592 1283 dissentire,
611 1217 639 1271 si
652 1217 725 1279 uelit,
743 1218 796 1269 sed
813 1218 886 1269 netu
903 1216 1027 1269 inanime
1044 1217 1188 1285 quoddam
1200 1213 1273 1267 nibil
1293 1218 1438 1281 peceatum
1458 1212 1513 1264 tali
1523 1212 1700 1281 subiectione,
1721 1230 1777 1281 qna
1789 1213 1836 1264 urle
1847 1213 1943 1281 major
1957 1220 2001 1267 est
2015 1215 2084 1284 (qua
2095 1230 2139 1267 ru-

434 1308 547 1363 omnino
564 1321 647 1373 apere
666 1320 792 1372 merearis
807 1305 921 1372 puerine
940 1320 970 1357 sc
987 1304 1103 1369 trabere,
1123 1302 1272 1355 renatbema.
1297 1296 1372 1351 tione
1388 1304 1507 1369 negatum
1525 1297 1690 1352 miserabilis
1707 1298 1756 1352 illa
1773 1299 1882 1368 peceati
1895 1299 2012 1353 servitus
2027 1299 2056 1353 in
2068 1317 2138 1354 non·

433 1394 478 1447 sit.
515 1392 581 1447 Can.
607 1396 640 1445 5:
670 1390 704 1443 Si
727 1391 790 1459 quis
818 1390 935 1443 liberum
958 1389 1077 1443 leontinis
1101 1388 1184 1441 arbit.
1205 1394 1272 1455 post
1296 1382 1420 1451 renatis).

434 1480 518 1533 Adae
532 1485 680 1547 peccatum
704 1477 836 1528 amissum
860 1483 886 1528 et
908 1475 1070 1528 exstinctum
1091 1490 1150 1527 esse
1169 1474 1272 1527 duan
1334 1474 1375 1523 53.
1413 1468 1542 1523 Conterus
1565 1467 1594 1521 in
1616 1468 1756 1523 Euchirid.
1782 1485 1805 1523 c.
1830 1470 1866 1525 de
1889 1470 1908 1526 l.
1933 1469 1991 1524 arb.
2012 1468 2185 1539 speciosior

435 1571 483 1617 aret
508 1580 568 1617 rem
593 1580 653 1616 esse
679 1564 714 1616 de
736 1562 797 1615 solo
821 1562 916 1629 titulo,
943 1562 999 1615 imo
1017 1561 1129 1614 titulum
1151 1560 1211 1612 sine
1230 1576 1271 1615 re,
1299 1552 1437 1609 interdurn
1466 1553 1601 1625 loquitur,
1628 1562 1725 1627 utpote
1752 1558 1830 1624 qnod
1848 1564 1983 1626 peccator
2004 1556 2138 1625 propriis

429 1653 592 1721 Mmtum
610 1650 730 1718 denique
747 1666 766 1700 a
785 1648 897 1703 satana
917 1649 1050 1702 invectum
1070 1647 1099 1699 in
1118 1645 1271 1703 sectatam,
1299 1640 1358 1693 suis
1376 1640 1480 1693 uiribus
1499 1658 1555 1693 non
1572 1642 1655 1695 modo
1672 1660 1691 1695 a
1705 1650 1822 1710 peccato
1841 1642 1958 1695 liberari
1973 1662 2028 1696 non
2036 1642 2139 1712 possr‘t,

439 1736 587 1789 anathema
606 1736 651 1788 εει,
685 1734 763 1789 Haec
783 1735 882 1789 concil,
900 1734 986 1797 Trid,
1004 1733 1079 1805 quod
1096 1748 1192 1787 verum
1208 1748 1271 1786 non·
1299 1727 1350 1779 scd
1376 1742 1426 1779 rree
1450 1728 1543 1795 possit
1567 1728 1601 1779 ab
1630 1727 1681 1780 illo
1699 1745 1843 1796 resurpere
1863 1745 1949 1797 neque
1968 1731 2003 1782 de
2018 1736 2139 1797 peceato

434 1820 585 1877 noveniae
603 1825 704 1875 statum
723 1819 855 1875 insidiose
873 1819 996 1888 involvit,
1016 1836 1078 1873 eum
1095 1834 1147 1871 nec
1163 1817 1197 1871 de
1211 1816 1273 1887 ipsa
1300 1812 1424 1865 dolorem
1443 1811 1601 1882 concipere,
1620 1829 1707 1881 neque
1721 1816 1763 1868 ad
1772 1814 1895 1883 qratiam
1913 1822 1939 1868 et
1954 1821 2140 1883 peccatorum

434 1908 590 1969 voluntate,
619 1922 671 1961 nec
698 1905 732 1960 dc
756 1905 884 1960 libertato
909 1904 1059 1959 voluntatis
1086 1920 1103 1957 a
1122 1902 1272 1963 coactione,
1299 1900 1489 1952 remissionem
1508 1916 1537 1953 se
1556 1900 1716 1968 disponere.
1735 1918 1785 1955 nec
1795 1902 1846 1971 pic
1859 1919 1927 1969 erpa
1940 1903 2034 1953 Deum
2048 1901 2141 1969 affici,

434 2008 487 2049 neu
515 1992 550 2047 de
576 1991 763 2063 qualicunque
782 1994 843 2062 ejus
861 1990 989 2045 libertate
1012 1990 1041 2044 in
1059 1989 1192 2055 externis,
1221 2004 1272 2041 noc
1301 2001 1350 2037 nce
1372 1985 1422 2053 pio
1448 1986 1552 2054 affectu
1578 1988 1614 2037 rte
1634 1983 1746 2040 Christo
1765 1995 1797 2039 ut
1814 1989 1969 2041 redemtore
1991 2004 2042 2039 neo
2060 1986 2143 2056 tonui

435 2080 471 2133 ds
495 2085 644 2133 renovatae
670 2076 820 2132 voluntatis
846 2076 975 2132 libertate
1000 2075 1045 2130 hie
1072 2075 1109 2130 sit
1139 2075 1272 2145 quaestio,
1300 2071 1360 2123 sine
1383 2071 1481 2123 diuina
1507 2072 1626 2124 nuatione
1652 2080 1678 2125 et
1703 2073 1799 2139 pratia
1821 2074 2034 2143 praeveniente,·
2062 2074 2143 2142 quod

436 2164 484 2219 sed
504 2164 539 2218 de
558 2164 682 2234 potentia
700 2163 737 2218 ad
749 2162 910 2218 efficiendas
925 2162 1046 2217 actiones
1059 2160 1225 2232 spirituales,
1237 2177 1273 2213 an
1300 2156 1431 2209 tentarit
1451 2157 1482 2209 in
1499 2157 1610 2210 bomine
1627 2159 1783 2213 intellectus
1800 2159 1924 2214 caecitas
1942 2167 2075 2228 tantaque
2092 2176 2141 2212 oo·

437 2267 497 2305 earn
526 2267 559 2305 ex
588 2267 618 2304 se
644 2248 761 2312 babeat,
787 2253 819 2302 nt
846 2253 912 2303 ante
936 2247 1140 2302 renovationem
1168 2246 1274 2318 gratim
1301 2242 1418 2295 luntatis
1436 2249 1463 2295 et
1483 2243 1579 2296 cordis
1597 2244 1721 2313 duritia,
1741 2252 1778 2311 nt,
1799 2245 1855 2297 nisi
1874 2245 2033 2299 misericors
2042 2246 2141 2313 pratia

437 2334 628 2406 praevenienti
653 2334 794 2404 cooperari
818 2333 921 2404 possit,
949 2334 1024 2405 quod
1043 2333 1139 2389 concil.
1158 2332 1274 2387 Triden-
1297 2329 1463 2398 praeueniat
1488 2338 1513 2382 et
1539 2338 1654 2384 mentem
1676 2332 1800 2385 illustret
1822 2334 2006 2402 affectumque
2024 2339 2141 2401 necerat,

436 2422 526 2475 tinum
549 2436 604 2475 non
629 2428 728 2491 neget,
750 2419 790 2473 ita
809 2419 881 2473 enim
898 2424 1018 2473 mentem
1035 2419 1096 2489 ejus
1114 2417 1275 2472 Andradins
1303 2433 1445 2484 rrrrnquam
1468 2417 1543 2470 serio
1561 2418 1705 2485 paeniteat
1727 2419 1771 2471 uel
1788 2421 1829 2471 ad
1848 2420 1942 2472 Deum
1963 2426 2141 2472 reuertatur.-

437 2505 572 2577 explieat;
601 2506 717 2558 liberum
736 2505 885 2557 arbitrium
903 2523 958 2559 non
974 2521 1056 2574 posse
1073 2520 1141 2557 sarie
1161 2506 1275 2568 efficere
1302 2503 1379 2570 areod
1401 2501 1515 2555 DEUS
1532 2520 1589 2571 pro
1613 2521 1666 2555 sua
1692 2504 1893 2559 misericordia
1918 2505 1949 2558 in
1974 2505 2054 2557 nobis
2077 2505 2140 2557 sine

438 2590 603 2661 spirituales
621 2590 744 2645 actiones
759 2590 819 2642 sine
834 2590 1019 2659 inspiratione
1038 2597 1063 2643 et
1080 2590 1188 2643 auxilio
1210 2590 1275 2657 Spi-
1302 2587 1380 2640 nobis
1400 2596 1538 2656 operetur,
1558 2606 1607 2641 cor
1625 2596 1732 2643 moueat
1750 2597 1775 2642 et
1792 2598 1908 2643 mentem
1930 2589 2063 2657 illustret,
2089 2588 2140 2645 sed

440 2678 513 2730 ritus
530 2694 561 2746 a,
579 2678 631 2729 scd
646 2676 723 2729 illud
738 2694 793 2729 non
811 2676 1168 2745 idcofinrinnodmenset
1181 2676 1275 2728 evolun·
1303 2672 1440 2744 quomodo
1465 2672 1533 2729 haee
1561 2674 1653 2728 omnin
1677 2674 1766 2744 accipi
1785 2674 1869 2743 velit,
1896 2674 1991 2729 statim
2010 2675 2140 2746 explicat,

440 2769 492 2832 tas,
502 2763 595 2831 palis
608 2768 648 2815 eu
661 2762 691 2814 in
702 2761 812 2815 bomine
825 2778 857 2813 ee
870 2761 967 2831 prima
978 2761 1122 2814 nativitate
1136 2770 1200 2813 ante
1212 2779 1274 2815 con·
1303 2759 1369 2811 dum
1381 2766 1546 2827 potestatem
1557 2761 1732 2831 sincipiendi
1745 2763 1855 2815 dininas
1867 2760 1988 2830 iujlusus
2000 2762 2141 2817 brsnsauae

439 2849 598 2915 samonem,
609 2866 729 2918 pror-eres
740 2866 795 2902 non
808 2848 908 2901 lrabeat
922 2848 1012 2901 nnllam-
1021 2848 1184 2918 potentiam,
1199 2849 1275 2901 ullas
1301 2845 1453 2898 uoluntatis
1468 2846 1573 2898 oirilnrs
1589 2848 1691 2915 tribuit,
1714 2848 1823 2908 confert
1840 2847 1923 2901 liberi
1937 2848 2052 2902 arbit-rii
2065 2849 2142 2903 eires

437 2934 511 2988 eires
529 2942 580 2987 aret
598 2933 758 2999 facultates,
778 2948 850 3001 quae
868 2933 1095 2986 adincboandas
1112 2941 1137 2986 et
1153 2934 1275 2999 cfricien·
1303 2931 1332 2983 in
1354 2933 1538 2984 non-renatis
1561 2950 1621 2985 curn
1639 2933 1749 2986 lrorrsine
1774 2933 1803 2985 in
1823 2934 1935 2996 foueam
1954 2934 2036 3004 lapso
2053 2942 2081 2988 et
2098 2951 2141 2988 se·

436 3021 491 3075 aas
511 3019 677 3089 spirituales
695 3020 819 3073 actiones
837 3021 1012 3072 necessariae
1032 3027 1108 3088 sunt,
1132 3021 1185 3072 aad
1202 3020 1275 3079 ideo,
1302 3032 1368 3069 cure
1387 3018 1548 3085 dormiente,
1562 3018 1700 3085 Spiritrrm
1712 3036 1734 3071 s.
1748 3036 1809 3071 curn
1823 3020 1922 3087 arrico,
1934 3020 2076 3087 auiillius
2089 3022 2141 3074 mi·

437 3105 506 3177 pisia
522 3104 670 3159 naturales
687 3104 757 3159 illae
776 3102 850 3159 uires
870 3112 896 3157 ct
910 3105 1073 3174 facultates,
1091 3106 1215 3159 licetnec
1228 3106 1274 3159 de·
1302 3110 1395 3155 sertus
1412 3119 1427 3155 e
1444 3119 1538 3156 somno
1562 3104 1712 3157 cecitatum
1738 3112 1847 3159 monent
1872 3113 1897 3159 ct
1919 3124 2030 3159 manum
2050 3106 2079 3157 ei
2097 3106 2143 3161 net

435 3192 510 3245 letae
528 3190 756 3258 necessitasne,
776 3191 1276 3259 adeotamenpeceatornmlaaueis
1301 3192 1399 3254 fiunem
1421 3189 1571 3256 porripat5
1601 3192 1835 3258 quemaelrnodnm
1861 3192 1947 3259 ipinsr
1976 3192 2058 3245 bomo
2088 3192 2141 3246 ille

437 3274 602 3347 implicatae
619 3276 687 3344 sint,
707 3282 737 3327 ut
755 3276 836 3329 bomo
856 3293 912 3329 non
925 3276 1016 3345 possit
1033 3293 1063 3330 sc
1078 3277 1202 3348 propria
1220 3277 1276 3330 uir·
1303 3275 1389 3328 amici
1412 3276 1630 3329 admonitionem
1655 3278 1791 3346 arlnrittit,
1811 3278 1916 3345 sunem
1942 3279 2140 3348 apprehendit,

438 3369 493 3416 tute
517 3362 553 3414 ab
571 3362 632 3416 illis
650 3362 802 3429 estricare,
825 3362 897 3414 sicut
915 3362 979 3431 ille,
1004 3363 1055 3431 qui
1070 3365 1174 3428 ferreis
1191 3365 1276 3418 soleis
1302 3369 1377 3415 tenet
1401 3369 1426 3414 et
1450 3363 1586 3430 quicquid
1608 3363 1638 3416 in
1663 3379 1693 3416 se
1713 3372 1766 3430 est,
1788 3382 1846 3433 pro
1872 3364 1977 3418 uiribus
1999 3373 2141 3434 praestat,

439 3448 582 3501 deuinctus
602 3454 656 3512 est,
679 3446 762 3500 babet
779 3447 891 3515 quidem
910 3447 1024 3501 insitam
1046 3455 1072 3501 et
1091 3448 1216 3501 innatam
1234 3449 1275 3502 in·
1302 3465 1358 3501 non
1372 3449 1509 3517 patiendo
1527 3455 1641 3516 tantum,
1661 3451 1713 3504 sed
1730 3457 1756 3503 et
1769 3452 1956 3519 cooperando,
1974 3453 2064 3504 donec
2078 3459 2140 3505 tan·

439 3534 561 3588 cedendi
576 3530 707 3603 δύναμιν,
726 3535 779 3587 sed
797 3534 863 3587 licet
880 3533 962 3588 illam
981 3535 1087 3602 babeat,
1107 3551 1163 3588 non
1184 3543 1276 3589 tamen
1304 3536 1365 3586 dem
1385 3550 1399 3586 e
1416 3535 1502 3597 fovea
1519 3541 1660 3586 emendus
1679 3534 1782 3589 lumine
1800 3537 1870 3590 solis
1888 3537 2083 3591 codrrstretur:
2100 3537 2141 3593 itu

433 3626 529 3691 potest
547 3636 581 3672 ea
598 3619 652 3687 uti,
677 3626 708 3673 nt
730 3620 759 3673 in
778 3628 867 3674 acnsm
880 3622 1017 3690 prodeat,
1043 3621 1103 3674 nesi
1116 3621 1199 3690 prius
1216 3621 1274 3674 nin-
1304 3637 1337 3674 ex
1354 3618 1492 3674 sententia
1510 3617 1616 3672 Costeri
1639 3620 1756 3674 liberum
1776 3623 1924 3678 arbitrium
1941 3631 1972 3676 nt
1990 3639 2004 3675 e
2022 3624 2141 3676 tenebri-

438 3706 504 3760 eula
520 3713 697 3774 rumpantur,
717 3723 788 3774 qnae
807 3706 1115 3775 motumrcprimuntet
1129 3708 1275 3760 retardant
1303 3723 1368 3758 cosa
1380 3707 1472 3772 sorra
1491 3706 1640 3772 educatur,
1668 3725 1724 3760 non
1743 3710 1860 3778 mercipit
1877 3717 2001 3778 tantiam,
2025 3710 2141 3778 patitur

439 3791 508 3865 (qua
526 3791 631 3846 ratione
648 3792 719 3847 vires
739 3792 775 3846 ad
794 3791 898 3848 bonum
916 3809 972 3845 non
988 3792 1107 3846 amissae
1123 3793 1172 3846 sed
1192 3793 1275 3863 impe·
1304 3800 1329 3844 et
1347 3792 1481 3858 aqitatur,
1498 3793 1552 3844 sed
1567 3801 1734 3860 cooperatur
1749 3796 1860 3861 patine
1878 3815 1912 3849 ac
1925 3803 2087 3866 praeparat
2102 3811 2141 3848 se.

440 3877 516 3932 ditae
534 3883 643 3942 tantum
660 3877 770 3944 forent).
805 3877 903 3934 Utitur
920 3877 1003 3932 etiam
1020 3877 1277 3933 haesimilitudiue²
1305 3877 2143 3952 Confertborninempeccatoremcumsamimortuo,arlquem

438 3963 466 4016 si
483 3970 622 4032 teropem,
638 3980 699 4016 mern
717 3963 839 4031 lipneam
857 3965 1004 4017 materiam
1022 3965 1199 4033 constuprare
1218 3983 1276 4018 cer·
1304 3964 1510 4016 ‹lanternae-m
1531 3964 1668 4016 arrrilinm
1695 3973 1720 4018 et
1743 3969 1925 4021 connitentcm
1946 3968 2056 4022 aceedit
2072 3969 2143 4022 arni·

437 4048 495 4112 nis,
522 4064 595 4117 prae
618 4048 655 4100 sit
678 4049 909 4118 conflagrationis
932 4049 1012 4102 illius
1034 4067 1122 4103 causa
1141 4051 1276 4118 efficiens,
1304 4067 1352 4102 cers
1368 4067 1430 4101 cunr
1447 4049 1558 4118 lumine,
1574 4058 1604 4103 ut
1613 4052 1741 4116 jumento
1759 4053 1938 4123 imponatur;
1957 4055 2144 4122 corrfmcum

438 4136 530 4204 rpnem
549 4135 632 4188 dicar
649 4150 758 4187 necesse
777 4141 819 4187 est
838 4151 895 4188 una
913 4153 974 4188 cum
991 4136 1079 4189 DEO
1096 4145 1210 4190 auctore
1227 4156 1274 4190 na·
1301 4153 1398 4205 puero,
1414 4136 1465 4204 nui
1480 4155 1563 4204 pomo
1583 4138 1715 4205 traicitur,
1734 4156 1768 4192 ac
1780 4139 1855 4207 filio,
1875 4141 1923 4207 arri
1940 4157 1959 4192 a
1978 4145 2065 4210 putre
2082 4147 2143 4194 tra·

439 4229 522 4276 turae
542 4228 568 4273 st
582 4228 722 4290 patrono,
741 4220 792 4290 qui
808 4221 870 4288 ipni
887 4222 1024 4274 exserendi
1040 4221 1095 4275 rim
1114 4222 1276 4292 suppeditat
1303 4223 1378 4274 nien
1390 4222 1562 4275 raneriusculis
1574 4231 1599 4276 ct
1611 4224 1807 4277 blandimentis
1819 4228 1859 4278 ad
1871 4226 2024 4278 discendas
2032 4225 2141 4284 burne.

440 4313 466 4362 et
482 4307 525 4362 ad
540 4309 716 4377 operandum
733 4324 794 4360 cum
813 4306 866 4360 illo
885 4308 1037 4374 conspirat,
1057 4325 1118 4360 cum
1138 4308 1224 4375 ipitur
1242 4310 1275 4362 li·
1306 4308 1443 4376 Spr'ritum
1460 4327 1482 4361 s.
1509 4307 1619 4370 confert
1638 4311 1751 4363 deretani
1756 4351 1763 4375 ,
1789 4312 1838 4379 qni
1852 4295 2006 4380 praestante
2022 4311 2143 4366 lrreerna

338 4397 365 4440 v.
380 4397 425 4444 tu
440 4392 500 4448 beri
515 4391 630 4446 arbitrii
646 4393 730 4447 matio
743 4410 798 4445 non
815 4393 907 4460 napis
918 4410 937 4444 a
949 4393 1043 4461 pratia
1056 4394 1140 4447 DEI
1143 4397 1276 4462 pendeat,
1304 4396 1422 4448 debilem
1438 4413 1525 4448 manu
1542 4394 1637 4462 trabit,
1658 4397 1713 4448 imo
1728 4397 1831 4450 ‹liserte
1846 4398 1951 4466 scribit,
1970 4398 2143 4452 voluntatens

440 4495 525 4550 mam
542 4495 561 4532 a
579 4479 677 4532 diuina
688 4479 788 4532 virtute
798 4478 901 4547 stipitis
916 4480 1034 4542 emistis,
1054 4480 1124 4547 quid
1135 4487 1183 4542 est,
1201 4484 1277 4548 qnod
1304 4481 1424 4534 bominis
1440 4488 1506 4550 past
1524 4481 1635 4549 lapsum
1659 4483 1806 4536 retinuisse
1825 4483 1898 4536 banc
1917 4484 2089 4553 libertatem,
2110 4489 2143 4538 ut

439 4565 557 4618 libmm
575 4563 724 4617 arbitrium
741 4581 844 4617 carane
861 4564 1012 4628 efficientis
1030 4565 1168 4642 dipnitate
1185 4574 1211 4619 ct
1228 4584 1275 4619 no·
1303 4569 1426 4634 pralium
1446 4567 1568 4620 oblatam
1586 4568 1709 4638 recipcre
1723 4569 1769 4621 nel
1780 4581 1836 4622 nen
1852 4571 1978 4640 recipere
1989 4571 2092 4640 possit,
2111 4577 2143 4624 ut

440 4649 513 4702 mine
532 4649 655 4718 spolr'es!
674 4648 742 4719 (qua
763 4649 870 4703 ratione
893 4649 1030 4720 generalis
1047 4650 1102 4705 Dei
1126 4668 1276 4707 concursus
1303 4656 1414 4722 pretias
1435 4653 1577 4706 artmissae
1602 4663 1765 4723 cooperetur
1790 4655 1889 4720 libere,
1917 4655 2043 4722 pretinm
2063 4655 2145 4711 DEI

440 4736 475 4790 ad
494 4735 567 4792 vires
585 4733 666 4792 liberi
685 4733 794 4790 arbitrii
813 4736 977 4792 nectendas
989 4734 1161 4792 necessarius
1172 4743 1275 4794 statue·
1303 4750 1330 4794 et
1346 4741 1465 4794 liberum
1486 4740 1633 4792 arbitrium
1651 4757 1709 4793 esse
1725 4758 1840 4794 carneam
1857 4741 2020 4811 spiritualis
2038 4741 2141 4796 libera·

438 4829 524 4890 retur,
541 4837 598 4876 non
617 4825 710 4876 autur
729 4819 877 4892 peculiaris
896 4822 1002 4892 gratiae
1020 4823 1112 4889 aetio).
1147 4823 1194 4878 Ad
1213 4842 1275 4880 ean·
1303 4828 1397 4883 tionis.

438 4907 501 4962 dem
515 4924 575 4962 rem
592 4906 785 4978 explicandam
802 4905 918 4962 adhibet
931 4906 1140 4964 similitudinem
1157 4913 1275 4979 aeproti.
1342 4919 1384 4968 54.
1428 4910 1613 4965 Bellnrminus
1644 4910 1741 4967 itidem
1772 4913 1840 4967 satis
1878 4913 2004 4984 speciose
2037 4913 2185 4982 scribitur

438 4995 518 5062 errjus
535 4993 610 5048 uires
628 4995 724 5048 morbo
739 4996 855 5059 fractae
873 5010 908 5046 ac
925 4993 1089 5048 debilitatae
1106 5003 1131 5048 st
1152 5003 1274 5049 attenua·
1302 5001 1420 5054 liberum
1446 4998 1597 5051 arbitrium.
1619 4999 1689 5052 solis
1711 4998 1771 5051 srrr‘s
1794 4999 1900 5052 uiribus
1922 5017 1979 5052 nou
2002 5017 2089 5069 possa
2112 4983 2185 5054 κώ

440 5086 484 5132 tae
506 5088 586 5148 sum,
613 5079 662 5133 ubi
683 5081 808 5134 medicrls
827 5080 915 5147 uires,
941 5095 1012 5148 quae
1038 5080 1131 5134 adbrrc
1150 5082 1275 5150 reliquae-
1303 5089 1343 5140 nd
1358 5086 1482 5152 pretinm
1496 5100 1691 5152 praeparare.
1715 5085 1786 5138 rrellc
1810 5093 1836 5138 et
1850 5088 1948 5151 facere
1966 5086 2028 5150 (ubi
2048 5093 2140 5142 tamen

440 5171 517 5230 sient,
545 5165 611 5220 licet
633 5171 811 5234 adunatae,
836 5166 983 5230 confirmat
1003 5173 1029 5218 rt
1048 5167 1178 5235 roborat,
1206 5175 1233 5221 et
1251 5169 1277 5220 si
1303 5170 1408 5240 aliquid
1427 5170 1453 5223 ei
1469 5169 1609 5240 relinquit.
1645 5169 1673 5224 St
1696 5169 1768 5224 enim
1788 5187 1843 5224 non
1863 5171 1930 5226 solis
1948 5171 2005 5224 suis
2024 5171 2140 5240 viribus,

441 5265 513 5319 asae
532 5257 595 5304 srrnt
607 5252 736 5315 amusae,
754 5252 892 5320 restitnit,·
914 5254 981 5323 (qua
998 5251 1105 5308 ratione
1118 5252 1277 5309 bomouon-
1304 5273 1369 5328 crgo
1389 5272 1405 5309 n
1424 5254 1516 5326 gratia
1536 5257 1664 5326 adjutum
1685 5257 1790 5328 aliquid
1810 5259 1921 5327 potest..)
1944 5257 1993 5312 lib.
2012 5263 2038 5326 6,
2058 5276 2080 5314 c
2102 5264 2140 5314 13.

443 5335 508 5388 dum
527 5343 639 5391 renatus
658 5338 694 5392 ad
715 5337 819 5394 bonnm
839 5338 953 5406 debilis,
970 5356 1026 5394 non
1044 5343 1138 5393 autern
1154 5347 1278 5397 mortuus
1305 5349 1388 5408 nepot
1406 5342 1523 5394 liberum
1540 5343 1690 5396 arbitrium
1706 5360 1739 5395 er
1756 5359 1786 5395 se
1803 5344 1892 5395 ullam
1908 5343 2066 5412 potentiam
2083 5345 2141 5398 sal·

441 5417 593 5490 statuitur).
613 5421 736 5478 Censura
756 5423 927 5482 collobiis
946 5441 1001 5480 non
1019 5425 1048 5478 in
1066 5427 1221 5481 moralibus
1233 5425 1357 5494 os-ltem
1374 5427 1534 5497 prorinsam
1552 5429 1686 5481 aelectus
1700 5429 1818 5496 pietatis
1836 5429 1949 5493 babere,
1974 5429 2027 5482 sed
2042 5447 2105 5482 eam
2121 5445 2141 5482 a

440 5507 512 5568 ficiis
533 5513 641 5560 tanturn
660 5517 685 5560 st
705 5511 859 5566 nunnitus
872 5511 1028 5582 plurimum
1046 5515 1177 5566 momenti
1197 5513 1279 5566 babet
1305 5513 1390 5567 ΠΕΟ
1399 5513 1524 5581 accipere
1532 5529 1587 5581 per
1598 5515 1721 5580 pretium
1727 5515 1959 5582 praevenientem,
1972 5513 2038 5584 (nbi
2048 5519 2141 5570 umen

440 5591 590 5648 arbitrium
610 5593 773 5664 lunanum,
799 5611 893 5650 oerum
915 5600 998 5652 etiam
1024 5599 1053 5653 in
1075 5601 1158 5653 rebus
1175 5601 1216 5652 ad
1233 5617 1276 5652 sa·
1303 5604 1435 5654 remotam
1453 5599 1607 5670 pomatium
1620 5599 1646 5656 si
1658 5599 1769 5654 videtur
1780 5597 1963 5672 relinquerei3
1980 5599 2086 5656 ibidem
2100 5601 2139 5654 di·

439 5680 524 5736 luten
537 5679 754 5750 pertinentibus,
773 5681 840 5754 (qna
851 5681 958 5740 ratione
975 5685 1081 5740 tollitur
1092 5685 1278 5742 necessarium
1303 5693 1374 5740 some
1390 5684 1502 5741 scribit:
1524 5683 1605 5740 Sicut
1621 5685 1698 5755 lapis
1715 5703 1748 5740 ea
1766 5703 1796 5740 se
1812 5704 1869 5740 non
1888 5687 1977 5756 babet,
1995 5695 2027 5740 ut
2045 5703 2141 5758 cnape-

439 5765 583 5822 diserimau
617 5765 689 5824 inber
715 5765 853 5836 justitiam
888 5768 998 5827 civilem
1029 5788 1061 5826 ae
1086 5769 1276 5844 spiritualem.)
1302 5781 1388 5838 retur,
1404 5773 1432 5826 si
1448 5773 1524 5836 forte
1542 5779 1718 5828 coonustatur
1734 5774 1766 5826 in
1783 5789 1904 5842 currum,
1924 5773 1965 5826 ita
1979 5773 2132 5828 stiamlibe
