5017 6675
847 688 900 744 na
918 684 1135 744 ιιιισιιοιιι
1154 685 1204 742 ιι
1220 686 1526 751 aneaoaasrouu
1648 674 1651 679 ’
1981 705 2022 764 m

316 839 456 915 evangelii
474 839 565 896 offert.
598 840 665 897 dam
682 857 748 896 vero
774 858 868 896 omnes
886 842 998 897 omnino
1020 846 1050 898 et
1067 841 1161 913 singu
1187 859 1244 896 aon
1255 846 1398 899 credimus
1406 847 1584 915 promittenti
1595 849 1668 915 Deo,
1687 819 1836 904 medemur
1852 850 1951 904 racem
1965 867 2022 920 pro

317 927 357 982 los
376 927 503 982 homiues
514 926 593 982 Deus
612 927 721 998 peccati
738 927 768 981 in
784 942 837 982 sua
857 928 920 999 lege
939 928 1034 1000 arguit
1054 935 1082 985 et
1095 946 1159 985 con·
1185 929 1279 984 ιαιιιο
1290 931 1413 1000 juranti.

317 1011 410 1067 vincit
455 1011 532 1083 Ergo
558 1012 642 1068 etiam
667 1013 796 1068 omnibus
824 1019 852 1068 et
878 1013 997 1085 singulis
1023 1031 1102 1070 suam
1130 1015 1159 1071 iu
1219 1019 1261 1070 tt.
1296 1015 1447 1087 Excipiunt
1471 1015 1612 1089 qiidam,¹
1624 1025 1742 1073 mortem
1760 1022 1921 1089 peccatoris
1942 989 2081 1106 Deris⁸¹⁰
2083 1016 2157 1065 ‘⁹²¹⁰‘

317 1098 462 1170 evangelio
479 1097 600 1196 gratiam
617 1097 708 1155 offert
741 1098 853 1153 Frivola
870 1099 989 1169 proinde
1006 1106 1049 1155 ιιι
1065 1100 1160 1172 glossa
1183 1103 1469 1171 conestabularius
1481 1105 1539 1160 cuit
1551 1105 1867 1175 concrememini·
1882 1109 2049 1177 experiere-v
2035 1067 2148 1210 enimde-

317 1183 484 1254 Piscatoris,
511 1184 560 1255 qni
578 1183 765 1245 trientinae
784 1184 916 1240 hocloco
934 1185 1159 1257 explicatparti-
1183 1187 1377 1256 trotestctur,
1397 1191 1489 1244 Deum
1507 1208 1565 1245 nco
1584 1200 1701 1259 tonuere
1720 1193 1842 1247 omnium
1862 1196 1966 1258 corda,
1991 1179 2084 1277 (ειη,ω

317 1271 449 1327 solariter
471 1287 530 1339 pro
555 1270 626 1325 solie
654 1271 748 1325 eiectis
777 1287 810 1326 ec
833 1272 957 1326 Jodoeis
974 1280 1000 1326 ei
1022 1272 1390 1349 gentib1u‚coccertontcr.
1426 1276 1583 1346 Indefinitc
1600 1285 1640 1331 est
1658 1277 1811 1333 enuntiatio
1833 1278 1916 1344 (dicit
1932 1279 2022 1336 Buca·

317 1357 392 1428 quod
417 1355 472 1413 ιοιι
499 1357 640 1411 contextui
668 1356 748 1411 istius
775 1357 891 1428 capitis,
917 1357 1068 1429 praecipue
1093 1377 1158 1415 vero
1182 1376 1235 1413 nus
1259 1359 1294 1416 de
1316 1362 1453 1431 praedest.
1477 1381 1507 1434 p
1532 1368 1600 1431 tel.)
1627 1373 1654 1420 et
1680 1367 1721 1418 cd
1743 1381 1789 1419 eos
1812 1367 2022 1437 confingenda,

315 1441 486 1513 oppositioni
505 1442 538 1497 in
554 1442 607 1497 hcc
624 1460 706 1498 versu
724 1448 765 1498 32.
784 1448 930 1516 repugnat.
953 1443 1073 1500 Disssrit
1091 1463 1157 1517 apo·
1183 1446 1283 1514 quiae
1297 1449 1384 1501 datur
1399 1450 1590 1506 succesionis
1599 1451 1703 1519 pratia.
1724 1450 1949 1521 Respondemus:
1961 1452 2021 1508 Imo

316 1527 402 1583 stolus
427 1527 457 1582 in
474 1527 528 1584 hoc
545 1527 636 1598 capite
655 1527 690 1583 de
707 1527 858 1598 rejectione
876 1529 1060 1600 iudaeorum,
1085 1549 1158 1603 quae
1183 1531 1266 1585 etiam
1282 1532 1344 1587 vult
1358 1535 1482 1590 omnium
1495 1537 1712 1605 conversionem,
1725 1553 1757 1591 eo
1770 1537 1842 1591 enim
1854 1536 1909 1593 fine
1920 1555 2020 1609 propo·
2034 1547 2075 1589 IV·
2089 1544 2134 1588 Μ·

316 1621 430 1685 propter
447 1613 670 1670 incredulitatem
685 1613 767 1684 ipsis,
790 1613 922 1686 obtigerit
940 1616 1095 1672 struinam
1114 1634 1157 1673 ec
1183 1615 1225 1669 nit
1243 1616 1300 1670 illis
1318 1618 1449 1688 verbum3
1474 1637 1531 1674 non
1549 1622 1643 1676 autem
1660 1621 1722 1675 vult
1738 1621 1797 1677 sine
1811 1622 1908 1676 mediis
1927 1639 2021 1694 agere,

316 1716 376 1754 rum
402 1699 532 1771 gentium
557 1699 640 1754 saluti
666 1700 782 1756 cessisse
810 1700 905 1771 addit,
932 1702 1047 1758 tandem
1072 1703 1158 1775 igitur
1183 1701 1232 1755 sed
1244 1719 1294 1772 per
1307 1703 1424 1758 verbum
1436 1711 1464 1760 et
1473 1705 1608 1775 Spiritum
1620 1724 1640 1760 s.
1652 1706 1713 1759 vult
1726 1705 1850 1761 homines
1862 1714 2021 1764 convertere

296 1792 448 1858 ¹utrosque
466 1791 572 1855 monet,
590 1803 626 1841 ne
643 1792 807 1857 arroganter
823 1786 934 1842 sibimet
952 1788 1020 1858 ipsis
1039 1789 1158 1845 invicem
1182 1793 1211 1840 et
1228 1788 1319 1844 cordis
1338 1789 1467 1846 duritiem
1480 1791 1634 1848 emendare.
1667 1790 1790 1857 duilon
1805 1793 1916 1846 verbum
1930 1795 2025 1862 perti·'

317 1872 458 1941 ιιιιιιιιιιιι,
476 1872 573 1928 addita
588 1873 696 1928 ratione
713 1890 732 1928 ι
748 1873 888 1929 communi
906 1873 1031 1944 utrisque
1045 1879 1117 1930 sorte
1130 1882 1158 1930 et
1182 1873 1291 1926 mciter
1308 1875 1450 1943 repellunt
1466 1874 1529 1931 Act.
1545 1881 1583 1944 13,
1597 1895 1621 1930 v.
1636 1882 1681 1941 ιι,
1701 1877 1850 1931 consiliam
1867 1879 1927 1932 Dei
1943 1896 2021 1948 eper-

318 1957 451 2014 immensa
462 1957 517 2013 Dei
532 1958 623 2029 gratia
641 1959 768 2030 utrisque
782 1959 872 2029 obvia,
889 1959 972 2015 modo
991 1960 1157 2031 amplectari·
1183 1966 1253 2012 nunt
1269 1957 1339 2012 Luc.
1353 1966 1377 2028 t,
1391 1977 1417 2014 v.
1432 1967 1473 2024 30,
1495 1962 1620 2030 Spiritui
1630 1981 1653 2019 ι.
1669 1963 1803 2017 rubicat
1816 1963 1879 2019 Act
1893 1971 1917 2033 7,
1931 1982 1956 2019 v.
1972 1971 2020 2038 513

318 2051 360 2101 tur
383 2045 562 2116 evangelium
589 2051 617 2101 et
641 2045 670 2100 in
685 2044 831 2101 Christum
857 2046 985 2115 credant3
1013 2046 1088 2118 finge
1107 2063 1158 2118 per
1183 2043 1225 2098 illi
1243 2061 1294 2099 sua
1317 2044 1401 2116 culpa
1424 2048 1609 2105 conversionis
1631 2048 1765 2121 beneficio
1784 2050 1929 2119 privantur
1947 2057 1975 2106 et
1990 2068 2021 2105 ee

317 2133 378 2191 τοὺς
397 2128 506 2192 πάντας
521 2131 642 2203 intelligi
658 2132 731 2188 solos
749 2132 861 2201 electos,
880 2131 1057 2187 enervabitur
1074 2150 1157 2204 argu·
1184 2131 1245 2200 ipsc
1264 2133 1396 2202 indignos
1409 2135 1546 2201 judicant
1564 2136 1623 2188 citu
1640 2143 1754 2188 aeterna
1763 2175 1771 2202 ,
1788 2135 1852 2190 Act
1871 2142 1917 2205 13,
1935 2155 1960 2193 v.
1977 2142 2020 2193 46.

319 2223 443 2284 mentum
460 2216 652 2288 apostolicum,
671 2224 699 2273 et
715 2218 798 2273 latius
815 2223 912 2289 patere
929 2223 1066 2275 statuetur
1077 2219 1158 2276 Adae
1183 2214 1310 2271 Observa
1328 2223 1422 2274 autem
1440 2218 1584 2289 emphasin
1601 2220 1631 2274 in
1647 2219 1690 2274 his
1709 2221 1797 2275 dictis.
1832 2222 1976 2278 Pharisaei
1993 2229 2021 2278 et

320 2304 459 2372 delictum,
480 2320 564 2376 quam
581 2303 683 2360 Christi
701 2303 867 2360 beneficium
886 2321 937 2377 per
953 2305 1091 2377 evangelii
1112 2325 1157 2363 vo·
1184 2303 1254 2372 legis
1279 2303 1361 2372 periti
1385 2303 1515 2359 dicuntur
1540 2306 1675 2375 sprevisse
1706 2305 1851 2361 consilium
1880 2307 1933 2363 Dei
1965 2326 2021 2365 non

320 2407 378 2444 cem
394 2389 447 2444 toti
467 2390 572 2445 mundo
588 2389 721 2447 oblatum
1184 2388 1320 2459 baptizati
1343 2387 1361 2444 b
1384 2389 1525 2446 iohanne.
1554 2393 1695 2489 quoduam
1720 2391 1775 2446 fuit
1800 2393 1831 2448 id
1856 2393 2020 2449 consilium?

258 2495 286 2533 rr·
352 2479 393 2529 65.
419 2473 524 2530 Christi
543 2475 695 2530 exscidium
713 2474 995 2546 Hierosolymitanum
1013 2476 1157 2546 deploran-
1186 2473 1291 2544 Utique
1315 2474 1399 2544 illud,
1438 2476 1512 2548 quod
1536 2495 1586 2547 per
1610 2477 1770 2532 concionem
1797 2485 1826 2533 ct
1853 2478 2021 2549 baptismum

257 2545 294 2630 ζ,
319 2560 352 2614 ιι
369 2560 512 2629 lacrymae
531 2560 726 2617 describuntur
746 2560 814 2616 Luc.
827 2566 909 2630 29‚v.
923 2567 964 2626 41,
983 2579 1054 2634 quae
1071 2563 1157 2618 mani-
1184 2558 1320 2615 Johannis
1346 2561 1435 2615 voluit
1459 2561 1537 2616 Deus
1567 2579 1614 2617 eos
1631 2574 1737 2618 νοοιιι
1763 2563 1800 2619 ad
1822 2566 2021 2634 poenitentiam

320 2645 419 2702 testum
436 2654 504 2704 sunt
518 2647 660 2717 indicium,
680 2653 708 2702 ct
724 2647 870 2745 temporali
887 2653 915 2702 et
929 2648 1157 2704 aetemaludae-
1185 2651 1214 2700 et
1240 2646 1276 2700 ad
1305 2662 1424 2718 regnum
1449 2648 1575 2704 Messias.
1611 2648 1781 2705 Absolutum
1806 2650 1948 2721 quoddam
1974 2652 2021 2706 de·

321 2751 396 2788 orum
421 2733 578 2804 perditione
595 2732 737 2788 Christum
761 2732 873 2788 minime
898 2750 957 2789 esse
982 2734 1158 2795 delectatum.
1185 2738 1290 2787 cretum
1318 2739 1346 2788 et
1375 2734 1519 2789 consilium
1545 2736 1615 2790 de'
1606 2753 1730 2806 ipsorum
1749 2737 1905 2806 perditione
1924 2739 2022 2810 nequit
2054 2780 2061 2795 .

321 2818 473 2891 lacrymae
498 2819 574 2875 enim
600 2826 666 2875 sunt
696 2820 785 2888 iepcti
814 2820 935 2888 ἀοιονιι,
969 2827 1001 2875 ut
1036 2821 1159 2893 loquitur
1185 2817 1320 2874 hocloco
1345 2819 1472 2892 intelligi.
1519 2820 1593 2876 Illud
1618 2821 1690 2876 enim
1714 2838 1770 2876 non
1793 2823 1943 2892 sprevisse,
1971 2825 2021 2879 sed

322 2905 477 2976 Cyprianus
495 2905 544 2963 lib.
563 2911 587 2962 2.
606 2905 695 2976 Epist
715 2913 739 2975 7,
765 2911 830 2960 sunt
853 2906 970 2974 scepeia
990 2906 1079 2960 animi
1099 2908 1158 2962 οιι-
1184 2905 1278 2976 potius
1296 2904 1454 2976 implevisse
1474 2906 1584 2961 dicendi
1603 2906 1729 2961 iubeant.
1764 2907 1867 2963 Judaei
1888 2908 2019 2964 dicuntur

322 2992 933 3063 nemi,ntloqn1turBrenunssuperls
951 2992 1070 3048 dohann
1105 2994 1159 3048 Ex·
1185 2990 1315 3045 resistere
1340 2990 1509 3071 Spirituis,
1532 2991 1629 3063 utique
1652 3009 1719 3064 ergo
1742 2992 1861 3063 Spiritus
1887 3012 1908 3050 s.
1933 2995 2021 3050 voluit

258 3090 294 3131 ¹*
321 3078 428 3148 cipiunt
445 3078 576 3150 quidam,
595 3080 645 3147 cpi
661 3080 707 3133 tic
725 3080 760 3132 de
780 3078 897 3132 interitu
914 3081 1071 3148 temporali.
1105 3077 1193 3135 Re
1185 3095 1214 3132 m
1231 3077 1341 3132 illorum
1359 3077 1489 3132 cordibus
1505 3078 1627 3149 operari3
1654 3079 1678 3133 si
1697 3079 1824 3135 absoluto
1844 3079 1955 3136 decreto
1973 3081 2020 3137 de·

257 3140 504 3236 'hspondernus
521 3164 599 3262 atqui
617 3181 673 3219 non
686 3163 995 3235 solumtemporalibue,
1015 3166 1158 3222 sedetiam
1186 3170 1288 3233 negata
1311 3163 1379 3234 ipsis
1406 3164 1562 3234 conversio,
1585 3181 1641 3218 non
1659 3164 1715 3220 dici
1735 3171 1847 3236 possent
1865 3165 2019 3237 Spirituis.

258 3244 296 3276 ¹¹¹·
278 3251 438 3347 aeternis
462 3249 561 3322 poenis
583 3251 678 3307 affecti
694 3258 760 3305 sunt
773 3250 891 3320 ludaei,
914 3257 1063 3324 propterca
1083 3254 1159 3325 quod
1185 3248 1325 3318 resistere,
1353 3248 1420 3319 quia
1445 3249 1539 3320 potius
1561 3250 1687 3306 obsecuti
1709 3250 1813 3306 fuisent
1837 3252 1949 3307 decreto
1974 3251 2021 3307 isti

278 3304 427 3409 Lternpus
445 3337 576 3393 salutaris
600 3335 765 3393 visitationis
792 3336 982 3409 neglexerunt.
1015 3341 1111 3407 Adde,
1135 3341 1159 3395 si
1185 3334 1221 3391 ab
1239 3341 1353 3392 aeterno
1369 3335 1454 3395 iacto.
1487 3335 1617 3409 Demque
1628 3337 1731 3394 Judael
1748 3337 1880 3393 dicuntur
1899 3355 1928 3393 se
1946 3339 2045 3410 ipsos*
2098 3354 2100 3358 ’

321 3423 396 3480 Deus
422 3441 480 3480 non
506 3424 660 3480 delectatur
682 3423 845 3493 simpliciter
862 3431 891 3480 et
907 3425 1035 3482 absolute
1051 3435 1158 3498 tempo
1185 3420 1315 3493 indignos
1337 3422 1466 3493 judicare
1491 3422 1548 3477 vita
1570 3428 1695 3492 aeterna3
1721 3442 1776 3479 non
1802 3440 1869 3496 ergo
1892 3424 2020 3481 absoluto

321 3511 423 3567 rabbus
449 3510 592 3565 homiuum
620 3510 730 3581 poenis,
771 3511 842 3566 adeo
868 3515 900 3565 ut
923 3512 1059 3583 propheta
1075 3514 1158 3584 ᾱῑιιι,
1184 3507 1278 3578 aliquo
1294 3508 1350 3563 Dei
1377 3509 1488 3564 decreto
1511 3509 1547 3564 ab
1571 3526 1606 3565 ea
1631 3517 1709 3565 ιιιιιι
1729 3510 1844 3580 exclusi,
1867 3511 1918 3566 sed
1934 3517 2021 3568 semet

322 3599 414 3652 Deam
434 3597 466 3652 io
485 3598 662 3666 correptione
679 3596 820 3651 hominum
837 3598 962 3652 οιιιιοιοι
979 3605 1064 3667 apere
1080 3618 1158 3669 opas,
1185 3594 1259 3664 ipsos
1286 3610 1320 3649 ea
1341 3594 1472 3666 indignos
1492 3595 1669 3667 judicaruut3
1696 3596 1742 3651 vel
1775 3596 1850 3667 quod
1880 3596 1955 3652 idem
1978 3603 2021 3653 est

319 3682 381 3738 lisa
401 3689 453 3753 28,
481 3701 508 3737 v.
528 3687 576 3752 21,
603 3682 691 3738 multo
708 3682 798 3754 magis
816 3682 852 3737 ab
870 3682 957 3754 ipsius
975 3691 1075 3739 natura
1094 3685 1158 3742 alie
1184 3689 1298 3751 propter
1320 3682 1399 3736 illum
1423 3681 1560 3736 furentem
1583 3682 1661 3737 verbi
1684 3688 1872 3753 contemptum
1897 3690 1925 3738 et
1946 3683 2018 3738 riru-

320 3788 385 3823 num
402 3769 471 3833 erit,
498 3784 532 3823 ex
550 3768 678 3824 absoluto
696 3768 760 3824 odio
777 3768 901 3825 homines
919 3771 1054 3841 quosdam
1071 3776 1157 3827 aeter·
1185 3769 1273 3822 lentas
1304 3767 1492 3838 blasphemias
1519 3785 1536 3821 a
1550 3768 1621 3866 'Deo
1647 3775 1711 3823 sant
1737 3768 1881 3839 reprobati
1908 3776 1937 3825 et
1961 3768 2019 3825 vita

319 3855 362 3910 nis
379 3854 511 3911 addicere
529 3853 682 3925 suppliciis.

267 3955 284 3995 ι
352 3948 394 3999 ιι.
427 3940 579 4013 Excipiunt
597 3940 654 4005 alii,
673 3939 816 3996 Christum
832 3948 863 3996 at
881 3943 1080 3997 hominemhcc
1095 3945 1156 3999 ioco
1219 3945 1260 3996 69.
1303 3939 1453 4010 Excipiunt
1479 3940 1540 3995 alii:
1571 3957 1730 3995 concionem
1758 3942 1841 3996 ιιιοοι
1864 3942 2018 4012 prophetoe
2056 3952 2077 3993 a

319 4028 399 4097 loqui
417 4036 445 4082 et
464 4044 559 4097 apere.
592 4027 819 4098 Respondemus:
846 4028 922 4085 Num
947 4046 1012 4085 vero
1031 4028 1156 4088 Christus
1183 4027 1365 4093 referendam
1384 4027 1632 4093 odilhardum,
1659 4029 1708 4097 qui
1727 4028 1867 4082 iicet'tam
1887 4030 2019 4098 temporie

319 4115 387 4182 (qui
408 4122 450 4168 αι
474 4115 506 4169 in
530 4115 596 4168 timi
611 4114 712 4168 Patria
731 4122 757 4167 et
775 4116 943 4169 voluntatem
962 4117 1025 4184 ejus
1042 4134 1157 4172 enarra.
1185 4120 1266 4166 eratti
1285 4112 1379 4181 inepti,
1406 4120 1500 4166 damen
1523 4116 1691 4182 quaudoque
1711 4114 1905 4183 conectendi,
1932 4122 1958 4168 ei
1977 4115 2020 4168 tic

318 4202 358 4254 eit
375 4200 470 4270 nobie,
491 4198 555 4255 Joh.
575 4206 603 4269 1,
623 4219 647 4257 v.
669 4200 721 4271 18.)
739 4200 951 4257 meteororum
968 4201 1116 4273 ignoraret,
1133 4204 1156 4257 si
1183 4199 1212 4251 in
1224 4215 1339 4252 comem
1352 4198 1503 4251 electorum
1515 4206 1603 4253 erant.
1632 4198 1760 4253 Piscator
1770 4198 1908 4256 Herborn.
1919 4217 1979 4269 sup.
1993 4206 2018 4256 9.

318 4286 395 4358 quod
411 4301 537 4357 unquam
555 4292 627 4342 esset
635 4285 770 4341 iactum?
806 4286 880 4343 Num
902 4287 1030 4342 voluntas
1056 4288 1155 4344 Christi
1182 4284 1262 4339 Rom.
1291 4302 1320 4354 p.
1347 4289 1410 4339 196:
1437 4285 1518 4338 Deae
1545 4303 1601 4338 con
1626 4286 1684 4338 cult
1710 4293 1825 4339 mortem
1851 4286 2016 4354 peccatoris,

317 4374 440 4429 humana
458 4372 549 4445 magis
565 4389 704 4444 propensa
723 4372 752 4426 in
768 4371 908 4428 hominum
926 4372 1054 4441 salutm,
1073 4392 1156 4447 qnam
1182 4370 1375 4439 resipiscentis
1403 4370 1518 4423 seilicet.
1565 4369 1648 4439 Resp.
1678 4369 1813 4426 breviter:
1846 4368 1946 4425 Erech.
1977 4376 2017 4437 18,

317 4461 395 4516 Deus
412 4460 489 4531 ipse,
513 4459 563 4531 qni
583 4463 626 4514 est
642 4460 750 4513 coritae
774 4456 910 4514 Lichan.
928 4465 959 4527 ι,
978 4477 1004 4515 v.
1022 4466 1046 4516 8.
1082 4461 1156 4517 Num
1181 4474 1207 4510 v.
1226 4461 1273 4511 32:
1303 4456 1397 4519 Quare
1414 4456 1574 4510 moriemini
1591 4458 1689 4510 ιιοοιοι
1706 4457 1814 4525 Israel,
1829 4456 1900 4511 dicit
1917 4458 2041 4512 Domi·
2121 4487 2130 4501 ·

318 4547 368 4618 qui
384 4548 482 4602 omnic
499 4550 567 4600 nota
582 4545 649 4601 fecit
667 4544 812 4616 discipulis
829 4545 886 4600 suis
909 4545 972 4601 Joh.
995 4552 1040 4616 15,
1065 4565 1093 4606 v.
1115 4556 1153 4617 15,
1182 4545 1256 4597 aas?
1282 4542 1348 4596 nolo
1368 4549 1485 4596 mortem
1508 4542 1661 4598 morientia.
1702 4541 1779 4614 Ergo
1800 4541 1912 4597 illorum
1934 4544 2018 4599 etiam

318 4635 436 4705 ipsemet
462 4632 557 4687 adhuc
582 4649 719 4686 summum
742 4630 812 4685 illud
839 4631 999 4687 salvationis
1018 4639 1047 4689 et
1065 4634 1155 4705 perdi·
1182 4628 1365 4699 perditionem
1382 4645 1438 4682 non
1456 4628 1522 4697 vult,
1542 4628 1590 4700 qui
1607 4628 1761 4684 moriuntur
1778 4635 1806 4685 et
1823 4635 1947 4700 pereunt.

317 4720 401 4776 tionis
418 4719 563 4775 hominum
578 4718 746 4789 principium
762 4717 922 4789 ignoraret?
1218 4720 1260 4769 to.
1278 4713 1428 4785 Excipiunt
1445 4713 1505 4768 alii·
1526 4717 1560 4768 de
1579 4716 1731 4785 temporali
1747 4716 1837 4770 solam
1854 4724 1943 4769 morte
1960 4716 2016 4784 opi.

257 4827 308 4907 Ξει·
356 4812 397 4862 ot.
427 4808 626 4860 Jnrnmecnm
638 4807 704 4875 Dei,
724 4804 760 4859 de
778 4803 904 4860 benefica
920 4820 971 4859 sua
984 4821 1156 4876 ergaomnee
1182 4800 1408 4871 Respondemus·
1439 4800 1591 4855 communis
1614 4800 1663 4856 illa
1686 4806 1729 4855 est
1751 4808 1809 4855 tum
1833 4800 2018 4871 resipiscenti·
2049 4874 2056 4886 Ι

257 4869 444 4949 D“homines
479 4890 622 4948 voluntate
651 4889 774 4963 gramter
803 4889 959 4945 attestantis
989 4890 1157 4947 describitur
1183 4886 1235 4940 bus
1260 4893 1319 4941 tum
1342 4885 1593 4955 impoenitentibus.
1633 4887 1699 4943 dam
1721 4904 1787 4942 vero
1810 4887 1845 4941 de
1869 4893 1956 4941 morte
1985 4903 2018 4942 ιι

317 4978 419 5036 Erech
444 4983 491 5048 33,
515 4996 541 5033 v.
566 4983 612 5033 11.
648 4978 714 5032 Vico
737 4994 806 5048 σου,
834 4978 900 5030 noio
929 4984 1044 5030 mortem
1067 4978 1157 5046 impii,
1183 4973 1291 5043 agitur,
1315 4988 1386 5043 quae
1412 4990 1462 5041 per
1479 4971 1684 5028 conversionem
1704 4971 1800 5028 evitari
1819 4977 1920 5041 potest:
1948 4971 2017 5025 Con-
2113 4996 2139 5031 ι,

318 5070 372 5121 scd
388 5075 419 5120 ut
437 5071 615 5120 convetetur
633 5072 659 5118 et
677 5065 760 5118 sicat.
795 5063 931 5119 Homines
944 5079 999 5132 per
1020 5064 1157 5131 majorem
1181 5058 1334 5125 οινιίοιιοι,
1354 5058 1547 5112 ιοιοοιιιοιιοι
1564 5076 1583 5111 ο
1601 5058 1655 5111 uiis
1673 5058 1771 5111 οοιιιιι
1788 5056 1881 5119 maim,
1899 5063 1930 5110 ct
1947 5059 2019 5125 quid

317 5171 350 5207 ee
362 5154 467 5221 juram
485 5160 569 5220 atque
585 5151 686 5204 iisdem
703 5150 794 5205 omnia
810 5149 1015 5210 controversiae
1033 5150 1098 5215 finis
1107 5157 1156 5215 est,
1183 5145 1339 5200 moriemini
1335 5145 1456 5198 ἀοοιοι
1473 5144 1589 5198 Israel!
1608 5141 1708 5197 Erech.
1729 5146 1813 5210 33,v.
1839 5147 1877 5197 ll.
1906 5142 2018 5198 Deinde

318 5259 345 5292 er
341 5240 482 5293 ὀοιοάοι
493 5237 696 5307 jurisjurandi
712 5236 893 5316 confinnotio,
912 5234 999 5293 Hebr.
1020 5240 1045 5305 8,
1063 5252 1088 5289 v.
1118 5242 1156 5293 16
1183 5232 1276 5305 agitur
1302 5231 1337 5285 de
1362 5230 1412 5284 tali
1432 5236 1536 5299 morte,
1562 5246 1632 5301 quae
1652 5234 1694 5283 est
1711 5229 1882 5296 stipendium
1896 5232 2017 5300 peccati,
2099 5231 2103 5238 ⁴

318 5327 401 5379 Deris
419 5341 487 5393 erpo
508 5323 697 5377 abundantias
716 5323 810 5375 colem
831 5323 977 5375 ostendere
990 5322 1156 5390 finnitctem
1181 5320 1261 5373 Rom.
1282 5322 1306 5373 6.
1325 5333 1352 5372 v.
1370 5315 1435 5371 ult·
1428 5315 1532 5386 ‚atqui
1550 5332 1606 5369 non
1624 5313 1712 5368 solum
1731 5314 1898 5384 temporalis,
1920 5314 2018 5370 sedet

318 5410 433 5465 σοιιιιιι·
453 5410 501 5464 arei
518 5408 684 5479 interposuit
701 5407 752 5461 icc
769 5407 976 5475 juramentum,
1004 5425 1029 5461 v.
1057 5414 1100 5477 173
1125 5417 1156 5461 ct
1182 5411 1295 5460 aeterna
1319 5419 1391 5457 mors
1414 5401 1522 5472 peccati
1550 5406 1592 5454 est
1615 5398 1793 5469 stipendium.
1833 5399 1963 5473 Denique
1992 5401 2018 5455 si

315 5515 369 5567 pei·
386 5497 461 5550 deos
478 5494 698 5558 rosimundam,
717 5492 816 5562 quidm
833 5493 1005 5562 impossibile
1025 5502 1065 5547 eet
1083 5512 1155 5548 meo-
1181 5489 1297 5546 DEUS
1321 5505 1376 5543 non
1401 5488 1554 5543 delectatur
1578 5484 1705 5539 absolute
1728 5491 1756 5539 et
1784 5485 1946 5556 simpliciter
1968 5486 2017 5542 ho·

318 5582 369 5637 tiri
384 5584 488 5645 Daren,
503 5581 696 5650 fimueimcm
721 5578 871 5632 habeamus
896 5578 1042 5639 animiam,
1069 5597 1096 5634 v.
1115 5584 1155 5636 18.
1181 5576 1287 5631 minum
1309 5580 1398 5629 morte
1418 5572 1578 5643 temporali,
1606 5575 1710 5642 quanto
1737 5571 1827 5628 minue
1845 5573 1971 5629 absolute
1989 5579 2018 5628 ιι

317 5668 397 5724 Dixit
417 5668 515 5731 Deus,
543 5667 613 5722 velle
639 5685 670 5722 se
695 5683 789 5721 omnes
808 5665 898 5719 salvos
915 5664 989 5733 ficri3
1017 5664 1156 5735 siparum
1181 5662 1343 5733 simpliciter
1360 5661 1429 5725 vult,
1448 5657 1554 5731 utquis
1574 5657 1694 5714 aeternis
1707 5658 1999 5730 suppliciispunictur.

316 5755 370 5817 hoe
385 5759 439 5824 est,
455 5752 582 5809 Christus
601 5751 629 5808 id
648 5752 779 5823 lacrymis
798 5756 916 5807 testatus
934 5757 990 5819 θοις
1015 5750 1040 5805 ιι
1058 5767 1156 5820 parum
1217 5756 1258 5806 71
1292 5747 1444 5818 Excipiunt
1461 5745 1509 5801 elii
1527 5748 1563 5800 de
1581 5747 1706 5801 reuelato
1724 5746 1867 5801 colonicis
1884 5745 1985 5800 boec
1972 5762 2015 5799 ιο-
2054 5754 2075 5796 ι

315 5842 390 5900 hcc·
386 5843 462 5909 est,
495 5837 573 5894 Deus
600 5837 707 5895 solenni
728 5838 887 5907 juramento
918 5837 946 5891 id
974 5835 1155 5892 confirmavit.
1181 5836 1349 5905 tellipendc,
1375 5834 1488 5888 interim
1513 5834 1625 5888 oceaho
1652 5836 1795 5888 οοιοιιιιιι
1819 5823 1913 5887 Deum
1937 5832 2018 5901 celle,

314 5927 484 6001 nimpe.
500 5929 566 5983 ιοιιι.
587 5929 611 5982 2.
634 5922 723 5996 Epist
743 5928 791 5981 tt:
821 5923 936 5979 Idcirco
953 5923 1049 5993 imni,
1068 5931 1113 5992 ct,
1130 5923 1158 5978 ei
1181 5924 1321 5991 οιοιιιιοι
1341 5936 1391 5977 neo
1416 5920 1543 5977 concerti
1562 5937 1619 5978 nee
1645 5922 1745 5978 οιοοιι.
1792 5917 2015 5992 liupr-demus:
