5017 6675
450 592 519 667 ,p
1148 593 1459 656 uoonsnucruns

462 756 578 812 maxime
607 754 777 823 remittatur;
805 753 845 808 ita
870 768 981 824 quoque
1004 751 1033 806 iu
1054 751 1214 807 remissione
1240 751 1292 807 ori·
1320 762 1465 821 peceatum
1488 773 1543 810 oon
1567 763 1607 809 est
1632 755 1687 810 illu
1709 773 1805 826 mooe
1827 758 2054 828 eoncupiscentia
2080 767 2155 819 toste

461 843 563 916 glnalis
586 840 827 914 concupiscentiae
851 840 891 894 ita
916 838 1033 893 solvitur
1054 845 1161 909 reatus,
1190 845 1292 894 utnon
1318 840 1466 912 Augustin.
1495 847 1534 897 10.
1569 840 1686 898 confess.
1712 860 1736 897 c.
1756 848 1798 899 30.
1833 843 1970 915 Prospero
1998 851 2022 903 3.
2050 848 2085 904 de
2103 851 2153 905 vit

459 930 570 986 desinat
600 947 674 998 csse,
706 928 734 983 id
765 924 839 1000 quod
871 941 921 980 sua
948 931 1050 980 natura
1078 932 1133 995 est,
1162 925 1293 980 videlicet
1317 926 1464 996 contempl.
1491 945 1515 983 o.
1542 933 1566 984 6.
1603 927 1750 983 Ambrosio
1776 935 1799 985 1.
1828 929 1863 983 de
1889 929 1961 986 offic.
1987 949 2011 986 o.
2032 939 2073 989 21.
2111 938 2153 990 At

460 1017 562 1085 ἀνομία
599 1023 626 1071 et
662 1020 812 1087 peceatum.
869 1013 1095 1085 Quotiescunque
1131 1028 1197 1084 ergo
1233 1014 1291 1067 Au·
1316 1021 1436 1066 nonest
1461 1015 1545 1068 etiam
1571 1015 1600 1067 in
1623 1022 1761 1084 potestate
1784 1017 1908 1071 virorum
1931 1020 2101 1089 sapientium
2125 1032 2153 1077 et

360 1112 362 1117 ’
457 1104 584 1178 gustinus
611 1102 860 1173 concupiscentiam
886 1105 1032 1171 peccatum
1049 1117 1109 1155 esse
1129 1107 1227 1172 negat,
1250 1099 1291 1154 in·
1316 1100 1494 1168 vipiioatium
1512 1120 1567 1156 non
1585 1103 1685 1156 labere
1698 1103 1808 1172 primos
1825 1105 1893 1160 iilos
1910 1108 2153 1176 coneipisceotias

458 1191 561 1263 telligit
577 1196 722 1262 peccatum
740 1188 810 1257 tale,
836 1189 910 1261 quod
930 1195 994 1243 actu
1010 1205 1060 1242 nos
1079 1189 1209 1256 (renatos)
1229 1203 1291 1242 reos
1317 1194 1414 1244 motus.
1443 1189 1523 1257 Erpa
1541 1189 1590 1242 illi
1604 1207 1660 1243 non
1680 1198 1744 1243 sunt
1763 1200 1890 1259 peccata.
1923 1192 2150 1263 Respondemus:

459 1285 488 1334 st
519 1276 687 1334 damnationi
717 1276 849 1332 obnoxios
873 1275 966 1330 iaciat.
1003 1275 1047 1330 Sic
1072 1274 1119 1328 lib.
1146 1280 1168 1330 tu
1194 1281 1291 1328 contra
1316 1271 1368 1327 hac
1396 1274 1502 1329 ratione
1521 1275 1613 1330 denuo
1632 1275 1759 1331 aboletur
1777 1278 1911 1349 originale
1928 1286 2084 1350 peceatum.
2121 1284 2152 1341 Si

458 1365 561 1423 Julian.
581 1383 604 1420 c.
626 1372 649 1421 5.
668 1363 748 1428 dicit,
765 1363 941 1432 justificatos
958 1379 1057 1416 carere
1074 1362 1151 1416 omni
1166 1369 1290 1430 peccato,
1317 1359 1389 1415 enim
1412 1360 1441 1415 id
1465 1378 1522 1416 non
1544 1370 1586 1417 est
1604 1370 1763 1434 peccatum,
1789 1365 1864 1435 quod
1882 1365 1970 1422 vitare
1987 1386 2043 1423 uon
2063 1377 2106 1426 est
2121 1372 2153 1427 in

459 1473 515 1509 non
532 1462 624 1506 cutem
642 1453 717 1506 omni
733 1452 825 1520 malo;
844 1450 926 1522 quale
943 1465 1008 1506 vero
1026 1448 1129 1503 malum
1142 1447 1289 1519 intelligat,
1316 1453 1411 1502 nostra
1433 1455 1583 1520 potestate,
1610 1449 1728 1505 infantes
1752 1458 1867 1521 peccato
1891 1453 2020 1525 originali
2039 1458 2152 1514 obnoxii

458 1539 562 1596 ibidem
587 1538 713 1610 exponit:
739 1539 809 1591 Tale
831 1555 866 1590 ue
884 1546 941 1590 tom
959 1554 1088 1604 mapsam
1107 1536 1213 1588 melum
1230 1543 1289 1588 tan·
1317 1550 1371 1587 nou
1391 1541 1478 1591 erunt.
1508 1537 1567 1589 Per
1585 1537 1672 1604 lepem
1690 1545 1729 1590 eet
1742 1539 1856 1606 peccati
1880 1541 2002 1608 capnitis
2032 1542 2111 1600 Rom.
2126 1554 2150 1616 3,

458 1637 515 1683 tum
540 1627 608 1697 quia
634 1628 718 1690 ineat,
748 1626 885 1695 quomodo
909 1642 964 1678 non
988 1632 1093 1677 teneret
1112 1624 1142 1676 in
1160 1631 1247 1677 morte
1265 1632 1290 1677 et
1317 1637 1341 1673 v.
1356 1625 1397 1688 20,
1417 1638 1473 1676 non
1490 1629 1582 1676 autem
1602 1639 1635 1677 er
1653 1640 1783 1678 mensura
1801 1623 1900 1679 virium
1911 1635 2068 1684 nostrarum
2080 1631 2152 1704 legis

452 1715 631 1789 pertraheret
656 1716 687 1767 in
711 1713 838 1766 ultimam
862 1719 989 1775 mortem,
1015 1710 1073 1763 nisi
1096 1718 1122 1763 et
1145 1711 1208 1779 ejus
1232 1712 1289 1763 oin·
1316 1706 1453 1762 sententia
1473 1708 1645 1763 aestimanda
1668 1716 1717 1764 est.
1762 1709 1793 1766 Si
1816 1710 1846 1764 in
1868 1719 2015 1769 concreata
2037 1716 2150 1790 integri-

456 1805 548 1858 wlum
571 1803 602 1856 in
623 1800 677 1854 illa
701 1815 772 1870 quae
792 1799 829 1869 fit
853 1799 882 1852 in
900 1799 1036 1869 baptismo
1054 1798 1215 1853 remissione
1233 1816 1289 1851 om·
1315 1798 1373 1848 tate
1397 1793 1478 1864 primi
1501 1795 1624 1851 homines
1644 1797 1845 1866 perstitissent,
1869 1798 1898 1853 in
1913 1800 2035 1871 ipsorum
2053 1811 2082 1859 et
2100 1824 2149 1876 po

457 1892 534 1946 niam
556 1897 736 1960 peccatorum
763 1886 937 1940 solemius!
971 1884 1093 1940 Ibidem:
1121 1884 1205 1938 Omni
1221 1901 1288 1954 pee-
1315 1888 1448 1935 sterorum
1475 1889 1614 1952 potestate
1637 1882 1752 1948 fuisset,
1782 1901 1882 1954 pravos
1909 1889 2150 1959 concupiscentiae

456 1987 519 2033 coto
541 1983 631 2045 caret,
655 1994 711 2028 non
739 1975 815 2028 omni
835 1974 929 2041 maio,·
953 1975 1030 2042 quod
1048 1972 1166 2042 plonius
1184 1973 1226 2025 ita
1245 1973 1287 2024 di·
1316 1974 1405 2021 motue
1432 1985 1488 2022 non
1512 1968 1629 2037 habere,
1657 1970 1731 2040 quod
1757 1969 1787 2024 in
1812 1971 1887 2026 illam
1911 1971 2072 2048 ἀδυναμίαν
2098 1980 2150 2034 im-

455 2066 542 2125 citor,
580 2064 655 2118 omni
683 2069 765 2115 reatu
797 2062 916 2114 omnium
945 2060 1083 2113 malorum
1113 2066 1204 2128 caret,
1234 2076 1288 2112 non
1315 2053 1409 2123 plendi
1439 2055 1531 2126 legem
1562 2056 1723 2121 inciderint,
1753 2057 1863 2113 divinae
1890 2060 1960 2131 legis
1985 2063 2150 2133 perfectioni

457 2152 582 2207 omnibus
600 2150 697 2219 malis,·
715 2149 844 2218 euspicii
859 2154 936 2200 caret
949 2146 1289 2216 corruptioaeeorporist
1315 2140 1384 2194 nihil
1409 2141 1532 2216 derogat.
1568 2143 1715 2198 Amemus
1734 2144 1769 2200 de
1786 2152 1921 2217 conceptu
1938 2148 2037 2220 virgin.
2057 2169 2081 2206 c.
2102 2160 2150 2211 ²82

455 2238 585 2308 numquid
602 2244 678 2290 caret
694 2233 969 2304 iquorontioemolo,
982 2250 1038 2304 per
1050 2233 1127 2303 quod
1140 2232 1289 2285 anaden-
1315 2228 1428 2283 DEUS
1451 2238 1526 2283 reete
1555 2231 1640 2298 exeipit
1666 2250 1685 2283 a
1710 2240 1827 2301 natura,
1852 2237 1929 2302 qnod
1953 2237 1982 2289 ei
2004 2240 2096 2308 dedit,
2123 2250 2151 2296 et

456 2325 528 2380 phu,
554 2321 771 2377 innumerabilia
793 2326 995 2390 perpetrantur
1018 2320 1096 2373 molo
1114 2319 1194 2387 (haec
1211 2319 1288 2391 igno·
1316 2316 1470 2384 quoactus·
1488 2318 1563 2385 jueta
1587 2319 1712 2373 debetur.
1748 2319 1782 2373 Si
1806 2321 1868 2388 pres
1890 2321 1934 2375 ozi·
1954 2331 1980 2376 et
1997 2343 2069 2379 secor
2086 2329 2151 2398 ejus

457 2410 549 2468 tantia
574 2409 670 2479 utique
696 2412 739 2462 est
766 2405 869 2460 malum
888 2407 1004 2476 culpas,
1031 2406 1097 2478 qnia
1114 2407 1289 2478 Augustinus
1315 2404 1357 2456 ad
1379 2420 1511 2473 mapsam
1535 2407 1675 2473 quendam
1704 2406 1870 2474 dr'paitotem
1886 2410 1931 2462 vel
1946 2414 2150 2479 possessionem

457 2498 498 2555 illi
516 2496 625 2562 tribuit,
644 2493 718 2564 qnod
737 2510 787 2564 per
805 2509 866 2548 eam
883 2509 939 2547 non
956 2493 1146 2564 percipiantur
1158 2511 1199 2562 ea,
1217 2511 1289 2566 qnae
1315 2489 1393 2543 nullo
1416 2508 1467 2544 ⁸¹⁴0
1493 2492 1607 2559 mersit),
1632 2493 1685 2545 ⁸⁶11
1706 2493 1770 2546 wlff
1787 2494 2038 2569 9'022'212'000022'2
2064 2502 2150 2557 ’Μ

456 2589 522 2641 sunt
543 2580 754 2654 Spiritus-Dei.)
1314 2575 1417 2629 crimen
1440 2594 1527 2646 praee
1547 2577 1775 2632 inestimabiliter
1799 2581 1971 2636 committunt
1995 2593 2022 2638 et
2040 2604 2098 2657 pro
2117 2608 2163 2644 eo.

330 2671 438 2712 ltatlonss
494 2676 535 2725 78,
569 2667 667 2724 Tertia
682 2666 764 2721 clasis
782 2664 904 2720 continet
919 2666 1010 2721 varias
1028 2668 1156 2723 rationes,
1189 2673 1213 2723 1,
1229 2672 1289 2725 Ba.
1308 2663 1388 2731 jusit
1411 2665 1584 2733 dejiciamur
1607 2665 1857 2721 &faternitatem
1876 2671 2059 2743 redimentur,
2085 2677 2149 2745 quit

329 2733 420 2824 {iffi-
454 2758 571 2827 ptismue
595 2755 697 2809 liberat
720 2753 756 2806 ab
780 2752 906 2806 omnebus
920 2755 1058 2822 peccatis,
1083 2763 1108 2809 et
1126 2763 1217 2810 tamen
1233 2775 1289 2812 non
1314 2751 1396 2820 dicet,
1408 2751 1576 2821 filios,qaos
1584 2760 1650 2822 post
1661 2755 1868 2810 damnationem
1879 2769 2042 2826 pesuerunt,
2056 2763 2148 2819 sidem

282 2872 284 2877 .
329 2827 442 2919 menete·
456 2843 557 2898 lim,
585 2857 604 2895 α
632 2840 861 2908 commentia,
911 2839 1135 2910 Respondemusg
1172 2843 1208 2899 (10
1236 2842 1288 2898 hoe
1313 2855 1368 2891 non
1386 2839 1486 2892 debere
1504 2840 1649 2908 subjacere
1667 2841 1815 2895 semusti!
1832 2842 1918 2913 Apud
1931 2847 2049 2903 eundem
2062 2849 2110 2906 lib.
2124 2858 2147 2908 1.

330 2938 375 2970 nou
390 2940 442 2970 sus
456 2935 619 3002 argumento
639 2926 748 2982 dicetur
764 2926 794 2980 iu
812 2931 933 2981 tractatu
952 2926 1145 2998 debaptismo.
1176 2932 1202 2984 2.
1218 2930 1288 2984 Con·
1314 2940 1363 2978 our
1381 2925 1457 2979 Deus
1478 2925 1559 2980 homo
1578 2942 1603 2982 c.
1622 2931 1662 2981 24.
1689 2927 1763 2994 Boeo
1781 2930 1903 2999 quaerit:
1930 2931 1965 2985 ss·
1983 2952 2039 2988 non
2051 2946 2149 3005 potest

329 2999 430 3104 φῗῖθ·
457 3014 628 3088 ωρῑεςθηιῑα
654 3022 694 3068 ert
719 3016 831 3083 effectus
854 3020 880 3066 et
891 3030 986 3082 poeno
1001 3017 1116 3083 peccati
1132 3017 1289 3083 oriqiuulis.
1314 3010 1393 3063 homo
1419 3012 1540 3064 debitum
1563 3014 1696 3081 reddere,
1726 3017 1864 3084 quomodo
1888 3017 2009 3086 injustus
2033 3030 2073 3074 est
2100 3026 2149 3078 de·

328 3069 427 3171 &robii-
459 3106 538 3170 Erpo
563 3120 619 3156 noo
643 3107 683 3154 est
704 3100 795 3169 ipsum
818 3107 966 3168 peecatum
985 3101 1132 3167 oripinole.
1166 3103 1290 3174 Respon.
1314 3098 1399 3150 bitum
1418 3114 1474 3150 non
1495 3100 1664 3153 reddendo!
1688 3101 1734 3155 cui
1751 3117 1821 3172 resp.
1841 3101 2002 3159 Anselmus:
2020 3108 2149 3170 forsitan

329 3176 373 3215 ²⁸¹·
458 3190 571 3245 demus:
598 3186 773 3258 Augustinus
796 3192 819 3241 5.
847 3191 944 3241 contra
963 3185 1066 3243 Julian.
1093 3205 1116 3243 c.
1135 3195 1158 3246 3.
1187 3190 1290 3246 diserte
1314 3184 1341 3236 εἰ
1363 3184 1445 3238 nella
1466 3193 1506 3238 Μ
1525 3185 1555 3238 ῑπ
1571 3186 1623 3240 *Ἡο
1641 3187 1821 3255 immistum
1839 3207 1941 3260 “imi
1968 3194 2151 3263 “lidwissw

458 3275 563 3344 mihit,
582 3271 833 3344 concupiscentiam
850 3289 911 3327 esse
930 3277 959 3328 et
977 3280 1289 3348 peccatnmetpoenam
1315 3271 1446 3324 samsari
1473 3280 1581 3343 potest,
1614 3275 1666 3328 sed
1693 3276 1720 3328 si
1748 3275 1778 3328 in
1805 3277 1868 3346 ipso
1899 3279 2080 3349 impotentiae
2108 3293 2149 3340 est

456 3362 573 3438 peccati.
607 3361 702 3416 Poena
725 3360 831 3431 peccati
846 3368 888 3415 est
907 3369 1036 3431 respectu
1054 3363 1289 3433 actualispeooati
1316 3359 1414 3427 velpa,
1439 3359 1511 3412 ⁸¹⁸&ss
1529 3378 1584 3413 mm
1605 3361 1707 3430 122’2'90‘2
1720 3371 1881 3432 Ptoeaiumr
1900 3366 1941 3419 ἴω
1960 3386 2017 3421 Μ
2036 3381 2149 3427 ‘meai

457 3450 493 3507 ab
508 3450 618 3505 Adamo
633 3446 778 3518 commissi.
803 3446 953 3503 Peccatum
965 3453 1015 3511 est,
1034 3449 1108 3520 quia,
1126 3449 1196 3504 utin
1209 3450 1289 3505 nobis
1315 3462 1370 3498 non
1388 3447 1550 3499 reddentem
1570 3448 1699 3513 debitum,
1717 3450 1789 3503 timi
1806 3450 1833 3503 ’θ’
1849 3452 1912 3520 Μ
1923 3454 2055 3524 ‘diutia‘
2068 3476 2148 3515 ⁸0t'v0

456 3538 565 3609 uteret,
590 3539 729 3606 repugnat
753 3534 809 3605 ugr
829 3533 890 3590 nu.
924 3534 1010 3590 rum
1033 3531 1150 3600 nnus
1173 3543 1289 3607 pecua
1314 3549 1365 3586 suo
1383 3531 1591 3601 aliquodue
1610 3536 2100 3611 eterraeo'av'aeeedeticiatw
2119 3548 2148 3600 a
2222 3579 2224 3586 ·

455 3622 591 3697 peccatis,
614 3620 720 3676 fatente
743 3620 913 3675 Bellarmino
937 3620 1008 3676 libro
1028 3628 1051 3678 2.
1077 3623 1112 3678 de
1135 3627 1198 3678 stat.
1224 3641 1288 3694 pec·
1312 3619 1440 3687 fouwm,
1470 3636 1553 3687 tuam
1582 3620 1630 3673 'W
1663 3623 1849 3688 demmmis
1886 3628 1960 3679 ’ΜΘ
1987 3630 2149 3686 nutam

454 3710 518 3765 cati.
545 3708 637 3780 capite
664 3715 702 3763 tl.
728 3707 780 3762 col.
805 3713 863 3763 llt.
898 3707 988 3762 Lusus
1012 3708 1098 3780 igitur
1115 3711 1203 3766 estin
1220 3728 1287 3766 voce
1315 3705 1389 3758 erere
1409 3706 1512 3774 possit.
1548 3707 1627 3772 Quae
1648 3707 1684 3763 de
1701 3709 1886 3778 possibilitate
1904 3712 2037 3784 implendi
2056 3717 2148 3789 legem

455 3796 598 3869 originalis
627 3794 747 3865 peccati,
778 3810 833 3865 qua
861 3794 1026 3866 intelligitur
1053 3796 1082 3851 in
1106 3798 1287 3853 antecedente
1314 3791 1497 3846 lelarminus
1522 3793 1660 3861 annectit,
1690 3812 1770 3849 fluum
1796 3795 1939 3853 h⁸b⁰b¹1¹¹i
1962 3801 2030 3856 alibi
2047 3804 2145 3860 imum

453 3888 599 3955 peccatum
618 3882 728 3936 actuale
745 3879 855 3948 Adami,
877 3882 951 3960 quod
968 3881 1022 3936 fuit
1040 3883 1118 3954 origo
1135 3886 1287 3955 corruptio.
1313 3878 1460 3949 Augustiu
1488 3884 1527 3934 to.
1553 3879 1668 3935 confess.
1696 3897 1758 3951 cap.
1781 3888 1827 3937 30:
1863 3886 1930 3939 illos
1953 3891 2146 3959 concupiscen-

455 3969 498 4025 υἱ,
520 3968 610 4034 ipim,
637 3983 708 4037 quae
733 3973 861 4020 naturam
878 3966 1025 4021 humanam
1042 3968 1151 4039 infecit3
1174 3970 1202 4025 in
1223 3989 1287 4027 con·
1313 3966 1368 4018 tiae
1395 3966 1425 4018 in
1446 3983 1541 4018 somno
1567 3975 1654 4019 motus
1676 3969 1780 4022 diserte
1803 3978 1884 4024 uocet
1910 3976 2100 4042 mrpitssdinee
2123 3987 2149 4033 et

455 4060 586 4127 sequente
611 4051 775 4124 intelligitur
797 4052 858 4123 ipsa
880 4054 1021 4123 corruptio
1045 4056 1124 4111 nobis
1143 4056 1287 4112 inhaerens
1314 4052 1350 4104 ab
1376 4052 1436 4105 ’ίῑὶίὸ
1464 4052 1582 4105 liberari
1605 4053 1765 4120 ‘'nielli-⁹⁶5&
1810 4059 1835 4111 5·
1866 4057 1900 4111 δ”
1923 4064 2150 4130 00'20'1122'800'1‘50

454 4141 490 4198 ab
515 4141 624 4196 Adamo
648 4139 675 4193 in
700 4156 750 4194 nos
774 4139 909 4193 traducta.
950 4140 1182 4212 Concupiscentia
1205 4144 1286 4199 etiam
1309 4146 1456 4207 peccatum
1473 4148 1514 4193 est
1532 4149 1557 4193 et
1575 4142 1605 4193 ia
1616 4142 1775 4210 justificato
1794 4153 1898 4213 monet,
1917 4150 2053 4218 sequitur,
2073 4156 2151 4220 quod

457 4229 557 4284 vocula
575 4227 707 4298 ambigua
724 4231 779 4292 est,
800 4244 834 4282 ea
853 4227 925 4281 enim
943 4227 1108 4299 quandoque
1124 4230 1288 4301 intelligitur
1317 4225 1443 4279 Christus
1462 4244 1518 4279 non
1535 4243 1606 4295 uere,
1624 4230 1677 4280 sed
1694 4228 1856 4297 imputative
1876 4240 1982 4287 tontum
1995 4254 2013 4289 a
2022 4240 2150 4306 peccatis

458 4316 574 4371 vitiosus
596 4313 835 4383 concupiscentiae
854 4314 978 4381 habitus,
1004 4316 1051 4385 qui
1071 4323 1113 4370 est
1125 4315 1216 4385 ipsum
1236 4318 1288 4371 ori·
1315 4330 1365 4365 ποθ
1393 4314 1555 4376 redemerit,
1582 4323 1607 4367 ⁶²
1630 4317 1708 4383 dm
1731 4317 1861 4371 diabOlm
1880 4320 1991 4375 Chim
2004 4327 2150 4393 timuisti?

456 4403 529 4477 pini.
553 4406 713 4473 peecatum,
738 4401 903 4471 quandoque
927 4418 992 4455 vero
1016 4401 1094 4471 pravi
1117 4404 1177 4473 ejus
1198 4410 1288 4458 motus
1315 4400 1359 4453 sit.
1394 4398 1616 4468 Respondemus:
1635 4400 1687 4455 hac
1706 4402 1742 4455 de
1761 4420 1792 4457 re
1808 4404 1890 4473 plura
1907 4405 2150 4466 dicemnsinarti·

459 4507 493 4545 20
525 4488 676 4556 desideria,
709 4486 756 4557 qui
785 4494 850 4541 suut
879 4502 970 4556 poena
1002 4487 1142 4558 originalis
1173 4490 1289 4560 peccati.
1316 4485 1377 4540 culo
1402 4485 1437 4539 de
1459 4484 1665 4554 justificatione.
1708 4487 1848 4558 Breviter,
1877 4492 2014 4549 malitiosa
2035 4502 2080 4550 est
2102 4514 2150 4567 op-

460 4579 486 4631 3.
514 4575 549 4630 Si
573 4575 653 4628 homo
680 4593 737 4627 non
770 4582 932 4627 uascmtur
962 4592 995 4627 ee
1022 4576 1119 4628 Adam
1146 4585 1171 4629 et
1196 4585 1289 4630 tomen
1316 4572 1416 4643 positio
1439 4572 1510 4625 iuter
1533 4589 1625 4627 veram
1645 4580 1673 4627 et
1691 4573 1855 4644 imputatam
1869 4578 2014 4645 justitiam.
2050 4582 2151 4639 Nonne

458 4663 570 4719 palmi
603 4662 867 4731 concupiscentiam,
899 4680 982 4731 quum
1012 4679 1085 4716 nunc
1113 4664 1205 4733 tebet,
1234 4683 1289 4718 nors
1317 4658 1457 4730 apostolus
1478 4658 1579 4713 diserto
1599 4660 1675 4723 dicit,
1694 4663 1850 4732 quodfides
1863 4665 2152 4734 imputeturcredenti

453 4758 551 4821 posset
570 4750 600 4803 in
618 4766 649 4802 eo
669 4749 1128 4818 oonmrpisceatioproprievocari
1136 4759 1289 4821 peccatum.
1317 4748 1357 4800 ad
1377 4746 1519 4816 justiliam
1553 4745 1632 4800 ROm·
1660 4753 1689 4814 t,
1717 4766 1742 4800 V·
1766 4756 1797 4818 ⁵3
1829 4769 1896 4805 ¹1¹¹¹¹¹
1919 4751 1989 4807 hm
2010 4755 2151 4825 iustitiam

458 4839 537 4903 Erpa
556 4854 612 4891 non
632 4842 766 4888 estense
787 4842 881 4887 etrus
900 4842 1171 4904 rratrmopeccatum.
1206 4839 1289 4891 Ante·
1316 4833 1384 4889 dicit
1401 4832 1585 4888 Bellarminus
1600 4852 1655 4889 non
1675 4852 1734 4889 esse
1751 4837 1862 4892 veram?
1887 4838 1960 4895 Vere
1978 4840 2152 4899 christusne

457 4926 558 4978 „dm
591 4923 731 4993 ,mutatur
764 4919 929 4973 anctoritate
960 4921 1113 4986 Aeminius·
1142 4929 1165 4978 3,
1195 4931 1291 4978 eontra
1317 4920 1439 4991 perfecte
1469 4937 1520 4974 nos
1549 4918 1692 4983 liberavit,
1722 4938 1787 4977 vere
1812 4929 1841 4978 st
1867 4925 1989 4995 perfecte
2016 4929 2151 5000 redemit3

458 5010 563 5065 Julian.
584 5027 607 5064 o.
630 5014 669 5065 12.
687 5006 909 5077 Respondemus:
935 5007 1110 5077 Augustinus
1127 5008 1165 5064 ibi
1184 4989 1289 5065 iuliani
1317 5024 1396 5063 nemo
1423 5012 1547 5061 nostrum
1574 5023 1696 5077 unquam
1724 5008 1794 5063 dixit
1820 5009 1960 5066 Christum
1986 5013 2151 5084 imputative

461 5095 606 5167 Pelagiani
632 5094 816 5167 objectionem
844 5092 955 5162 recitat,
981 5094 1153 5165 eandemque
1179 5097 1290 5153 refellit.
1318 5113 1367 5150 uos
1392 5093 1554 5160 redemisse3
1583 5093 1635 5148 hoe
1653 5110 1717 5148 vero
1737 5095 1869 5165 dicimus,
1890 5099 2028 5168 justitiam
2048 5100 2151 5157 Christi

460 5180 540 5247 Quod
565 5198 630 5253 ergo
648 5179 832 5236 Bellarminus
860 5197 893 5234 ex
911 5178 1018 5235 Juliani
1035 5197 1158 5236 sermone
1176 5183 1211 5236 de
1232 5183 1290 5236 dia·
1317 5180 1397 5236 nobis
1415 5178 1559 5249 imputari,
1582 5196 1656 5250 quae
1675 5180 1822 5250 imputatio
1839 5200 1890 5252 per
1907 5183 1991 5239 fidem
2008 5193 2065 5241 tam
2084 5204 2151 5243 vera

462 5268 527 5323 bolo
544 5265 681 5322 hominem
699 5275 809 5321 creante
826 5268 930 5333 recitat,
949 5272 1070 5321 amente
1081 5275 1165 5337 atque
1177 5268 1291 5323 auribus
1317 5273 1371 5334 est,
1390 5282 1472 5337 quam
1490 5283 1554 5320 vere
1572 5265 1698 5321 Christus
1716 5275 1835 5338 peccata
1852 5271 1992 5324 nostruin
2012 5291 2041 5328 se
2059 5291 2150 5329 susce·

461 5353 569 5425 piorum
588 5352 717 5408 abhorret
733 5370 784 5408 nec
801 5352 838 5407 ab
850 5353 1008 5425 Augustino
1028 5353 1107 5408 ullibi
1122 5355 1289 5411 conceditur.
1319 5353 1365 5422 pit
1412 5351 1488 5423 Ergo
1521 5368 1584 5407 vere
1607 5351 1792 5422 justificamur
1821 5362 1849 5408 et
1879 5356 2056 5427 redimimur,
2086 5377 2151 5415 vere

462 5440 612 5495 Praeterea
635 5438 657 5491 si
679 5439 903 5509 concupiscentia
924 5439 998 5494 mala
1023 5441 1158 5495 naturalis
1176 5458 1219 5495 res
1240 5448 1290 5507 est,
1318 5439 1442 5495 Christus
1463 5438 1573 5494 diabolo
1584 5439 1728 5509 potentior,
1747 5441 1812 5512 quia
1825 5443 1948 5498 remissio
1963 5451 2151 5515 peccatorum,

461 5543 547 5599 quare
571 5541 626 5579 non
651 5524 749 5580 habuit
771 5526 862 5581 locum
879 5527 907 5580 in
926 5526 1034 5581 Christo
1060 5544 1112 5582 nec
1130 5527 1244 5583 habebit
1262 5529 1291 5581 in
1318 5544 1400 5599 quam
1418 5526 1488 5582 tides
1507 5526 1536 5579 in
1548 5525 1651 5580 Christi
1669 5528 1767 5583 merito
1787 5531 1895 5599 quaerit
1914 5537 1943 5586 et
1959 5533 2150 5602 apprehendit,

459 5612 517 5667 vita
542 5610 675 5667 aeterna?
702 5616 726 5667 4.
747 5610 992 5682 Concupiscentiue
1014 5614 1103 5681 primi
1124 5622 1213 5667 motus
1235 5633 1291 5668 noo
1319 5630 1383 5668 vern
1407 5630 1439 5667 ac
1458 5613 1583 5683 perfecta
1601 5619 1656 5686 est,
1680 5613 1743 5683 ipsa
1761 5614 1869 5685 interim
1887 5619 2029 5671 renovatio
2049 5619 2078 5672 in
2097 5618 2150 5673 hac

457 5708 521 5753 runt
553 5704 709 5767 peccatum.
762 5699 842 5765 Erpa
877 5716 927 5752 nec
964 5700 1030 5769 ipsa
1066 5698 1291 5768 coucupiscentia
1318 5700 1375 5755 vita
1393 5716 1533 5771 nunquam
1553 5699 1592 5754 ita
1609 5700 1733 5770 perfecta
1750 5707 1800 5769 est,
1820 5703 1887 5773 quin
1907 5704 2030 5775 quotidie
2050 5705 2152 5761 demat

457 5784 639 5841 indituoiiter
667 5783 815 5837 inhaereas
835 5792 984 5854 peccatum
1012 5787 1072 5840 erit.
1117 5787 1292 5839 Antecedens
1318 5803 1453 5851 crescere,
1475 5785 1550 5858 quod
1573 5787 1714 5856 apostolus
1738 5787 1840 5843 diserte
1858 5789 1964 5845 assent.
1999 5790 2099 5863 Neque
2117 5809 2152 5848 ex

367 5863 395 5903 V·
408 5857 442 5902 Η·
451 5873 602 5945 pedatu,
619 5872 687 5946 quie
705 5872 736 5927 in
749 5872 859 5941 pueris,
877 5872 1032 5928 ementitas
1045 5880 1071 5927 et
1083 5872 1292 5942 emeseno,
1318 5873 1369 5930 illa
1391 5871 1577 5929 renovationis
1594 5871 1624 5928 iu
1642 5872 1696 5928 hac
1714 5871 1772 5929 vita
1789 5873 1999 5945 imperfectione
2014 5877 2152 5949 aequum,
