5017 6675
270 649 276 668 ‚
376 601 439 660 333
1069 589 1193 648 nocua
1210 588 1383 646 1311311133

378 765 412 804 ex
430 755 506 804 certa
523 747 643 816 malitia,
670 747 781 803 bonitas
799 747 872 802 enim
889 746 1084 818 appropriatur
1102 742 1216 815 Spiritui
1242 743 1318 816 gatio
1356 761 1419 799 cum
1454 742 1592 815 pertinaci
1623 740 1833 814 impugnatione
1863 746 1892 797 et
1921 741 2081 798 voluntaria

379 852 400 889 s.
428 839 480 889 etc.
516 833 704 889 communiter
729 852 777 889 scx
802 833 906 903 species
924 833 1006 904 hujus
1025 832 1133 903 peccati
1152 848 1215 885 con·
1241 830 1414 901 blasphemia
1445 832 1603 902 conjuncta.
1646 829 1857 887 Observandum
1889 828 1976 893 enim,
2005 829 2079 883 hanc

379 921 499 976 stituunt
521 919 699 975 Scholastici:
733 927 753 975 1.
775 921 1007 990 desperationem3
1036 925 1215 989 2333333131-
1241 917 1351 987 peccati
1376 917 1496 988 speciem
1520 934 1539 971 3
1563 916 1673 971 Christo
1697 916 1726 970 in
1743 913 1900 970 Pharisaeis
1917 914 2011 986 argui,
2026 913 2079 986 qui

379 1005 495 1074 tionem3
523 1011 547 1060 3.
563 1005 803 1077 impugnationem
826 1007 939 1077 agnitae
962 1005 1099 1068 veritatis3
1128 1010 1153 1058 t.
1176 1003 1215 1056 in·
1241 1001 1365 1057 veritatis
1383 1003 1419 1058 ab
1437 1003 1498 1073 ipso
1515 1003 1694 1073 praedicatae
1716 1001 1745 1055 31
1762 1000 1903 1057 constricti
1921 1007 1950 1055 et
1967 999 2079 1072 fulgore

377 1092 530 1146 videntiam
562 1091 701 1148 fraternae
728 1092 864 1161 caritatis3
909 1099 932 1146 5.
965 1090 1215 1163 impoenitentiam
1242 1087 1368 1158 ejusdem
1385 1087 1414 1142 in
1434 1088 1604 1143 couscientia
1621 1086 1748 1156 33331331,
1764 1086 1903 1142 1331131333
1920 1093 2014 1141 33113333
2023 1086 2078 1140 im·

378 1184 403 1234 6.
429 1177 650 1234 obstinationem.
693 1177 766 1234 Vide
790 1183 1018 1234 commentatores
1043 1177 1072 1231 in
1099 1182 1123 1231 2.
1147 1180 1216 1230 sent.
1240 1175 1345 1244 pietate
1363 1175 1403 1230 sic
1419 1174 1448 1229 in
1466 1175 1558 1244 ipsum
1574 1173 1713 1241 furebant,
1731 1180 1764 1228 ut
1780 1173 1934 1229 doctrinam
1952 1178 1981 1227 et
1997 1171 2079 1226 mira-

377 1263 441 1319 diat
460 1270 502 1319 13.
1242 1260 1307 1315 cula
1335 1261 1422 1332 ipsius
1452 1260 1571 1316 Satanae
1599 1260 1757 1317 adscribere
1786 1277 1843 1314 non
1874 1258 2078 1316 erubescerent.

250 1360 287 1400 nx
303 1359 364 1402 sart·
414 1355 471 1407 108.
506 1349 547 1406 113
568 1350 603 1405 331
622 1366 716 1406 veram
737 1357 764 1406 ct
781 1350 922 1422 propriam
940 1350 1024 1421 hujus
1043 1348 1151 1421 pcccati
1168 1348 1215 1403 de·
1241 1347 1368 1418 Epistola
1392 1348 1428 1402 ad
1451 1347 1594 1404 Hebraeos
1615 1352 1762 1419 peccantes
1785 1346 1815 1400 in
1836 1345 1968 1417 Spiritum
1991 1364 2013 1400 s.
2037 1345 2078 1398 sic

251 1415 325 1462 ΡΜ
377 1433 560 1508 signationem
586 1445 732 1507 penetrare
757 1438 908 1508 possimus,
937 1437 1086 1509 diligenter
1114 1451 1215 1505 expen-
1242 1433 1384 1502 describit,
1402 1434 1477 1504 quod
1494 1434 1543 1503 1111,
1561 1433 1610 1505 qui
1626 1433 1703 1505 prius
1721 1432 1877 1502 illuminati,
1893 1434 2080 1504 gustaverunt

378 1520 471 1576 denda
494 1528 559 1576 sunt
584 1521 744 1593 Scripturas
771 1522 863 1588 dicta,
895 1539 967 1595 quac
994 1523 1029 1577 de
1055 1539 1088 1577 eo
1114 1526 1214 1594 agunt:
1241 1518 1325 1572 etiam
1343 1520 1447 1574 donum
1470 1520 1589 1575 coeleste
1609 1526 1637 1575 et
1653 1519 1804 1591 participes
1822 1519 1888 1573 facti
1906 1517 2027 1590 Spiritus
2046 1535 2078 1586 3.,

292 1605 477 1667 3331133313
504 1613 549 1671 12,
575 1624 601 1661 v.
628 1614 674 1663 30:
713 1609 799 1662 Omne
821 1618 969 1678 peccatam
992 1617 1018 1662 33
1042 1608 1216 1677 blasphemia
1241 1612 1424 1676 gustaverunt
1449 1607 1533 1661 etiam
1560 1607 1665 1661 bonum
1687 1605 1741 1661 Dei
1765 1605 1880 1661 verbum
1904 1609 1933 1659 et
1960 1604 2078 1658 virtutes

377 1694 533 1749 renitetur
560 1694 723 1747 hominibus.
768 1694 893 1762 Spiritus
919 1702 1012 1748 antem
1041 1694 1215 1762 blasphemia
1241 1693 1351 1746 venturi
1389 1693 1488 1763 seculi,
1523 1693 1608 1748 nihilo
1643 1694 1734 1748 minus
1765 1699 1862 1764 postea
1892 1691 2078 1763 prolabuntur

378 1796 435 1832 non
454 1779 613 1835 remittitur.
643 1797 669 1831 v.
687 1783 733 1834 at:
758 1779 798 1832 Et
814 1781 968 1849 qnmunque
986 1781 1089 1834 31133313
1104 1780 1215 1833 cabum
1242 1778 1472 1853 (παραπεσόνιες)
1501 1786 1529 1835 33
1556 1781 1596 1836 313
1620 1781 1731 1845 3113111133
1751 1780 1818 1852 ipsis
1844 1796 1953 1835 rursum
1970 1775 2077 1832 crucifi·

379 1871 479 1917 contra
495 1864 750 1933 melantomice,
769 1866 976 1935 remitteturei,
996 1867 1154 1935 quiautem
1172 1866 1216 1918 di·
1242 1870 1314 1937 gunt
1340 1865 1394 1921 Dei
1420 1866 1537 1937 Filium,
1566 1885 1683 1939 eumque
1715 1866 1834 1923 ostentui
1865 1865 1969 1919 habent
1996 1863 2077 1931 (haec

379 1951 451 2004 ecrit
477 1957 575 2005 contra
592 1950 730 2020 Spintum
747 1970 784 2016 3.,
801 1970 857 2005 non
874 1954 1048 2006 remittentur
1065 1953 1105 2022 ei,
1129 1968 1216 2021 neqrse
1242 1951 1316 2004 enim
1333 1951 1427 2006 omnia
1443 1953 1479 2006 ad
1498 1952 1617 2023 subjecti
1637 1952 1851 2024 descriptionem
1870 1950 1975 2005 ibidem
1992 1947 2077 2020 perti·

293 2055 319 2099 3,
332 2054 365 2099 02
379 2035 410 2089 in
434 2036 487 2090 hoc
511 2037 622 2106 seculo,
646 2055 734 2107 neque
758 2039 789 2092 in
811 2041 918 2104 saturo.
955 2040 1042 2093 Marc.
1070 2044 1099 2106 3,
1123 2055 1148 2091 3.
1168 2042 1216 2092 303
1241 2039 1326 2103 nent).
1362 2037 1449 2108 Item,
1473 2040 1548 2111 quod
1566 2038 1722 2094 voluntaria
1745 2037 1886 2108 apostasia
1902 2036 2004 2090 Filium
2022 2033 2077 2088 Dei

378 2130 469 2176 Amen
492 2124 663 2193 1113333613,
688 2126 819 2193 quoniam
844 2127 938 2181 omnia
956 2126 1131 2179 dimittentur
1147 2124 1216 2189 filiis
1242 2122 1406 2178 conculcent
1430 2132 1457 2179 et
1481 2124 1644 2196 sauguinem
1667 2123 1839 2180 Testamenti
1864 2122 2002 2194 pollutum
2026 2120 2076 2175 du·

378 2207 519 2263 hominnm
530 2217 651 2278 peccata
668 2218 695 2263 et
714 2211 911 2280 blasphemiae,
925 2213 1025 2280 quibus
1040 2210 1215 2278 blasphema·
1241 2213 1314 2274 cant,
1332 2209 1361 2263 in
1379 2227 1433 2281 quo
1450 2217 1516 2266 sunt
1533 2210 1698 2266 sanctificati
1717 2216 1746 2265 33
1758 2208 1873 2281 Spiritui
1891 2208 1999 2280 gratim
2013 2223 2076 2262 con·

377 2295 474 2347 verint.
498 2312 524 2348 v.
544 2300 591 2349 313
624 2295 678 2359 Qui
700 2305 792 2350 autem
815 2297 1046 2366 blasphemaverit
1073 2297 1103 2349 in
1123 2296 1215 2366 Spiri-
1239 2294 1381 2349 tumeliam
1413 2296 1540 2351 inferant.
1587 2296 1650 2351 Hoc
1677 2302 1823 2367 peccatum
1852 2295 1940 2367 primo
1973 2294 2078 2348 dicitur

292 2392 318 2435 v.
331 2392 364 2437 ta
378 2386 435 2435 3333
452 2398 484 2447 3.,
501 2398 557 2434 nen
569 2382 651 2436 habet
662 2382 851 2436 mmmsioncm
867 2384 898 2437 in
916 2391 1065 2451 3333333333,
1082 2385 1135 2435 sed
1150 2399 1215 2436 33313
1239 2387 1386 2450 peccatum
1403 2381 1433 2436 in
1450 2381 1581 2453 Spiritum
1601 2400 1621 2436 s.
1640 2399 1697 2437 non
1714 2388 1842 2453 respectu
1860 2396 2003 2452 personae,
2022 2378 2076 2433 bac

379 2465 434 2520 crit
450 2466 560 2519 33333331
577 2468 682 2521 delicti.
716 2487 742 2522 v.
762 2474 811 2524 323
840 2470 1130 2539 grammaticalem,
1156 2468 1213 2536 spi-
1240 2467 1313 2521 enim
1330 2468 1447 2533 ratione,
1467 2469 1629 2540 quipeccat
1647 2469 1675 2523 in
1693 2468 1804 2524 Patrem
1825 2475 1853 2524 et
1873 2467 1990 2535 Filium,
2010 2481 2076 2538 pec·

377 2551 466 2606 3133333
483 2552 655 2607 immundam
672 2555 762 2609 habet.
776 2555 865 2610 -Luc
884 2561 922 2624 12,
941 2574 968 2612 3.
990 2560 1033 2610 to:
1052 2555 1149 2608 Omnis
1164 2554 1215 2623 qui
1239 2559 1286 2608 333
1298 2554 1380 2609 3313133
1392 2554 1421 2608 113
1432 2553 1564 2625 Spiritum
1577 2575 1607 2620 s.,
1622 2573 1685 2610 cum
1694 2555 1793 2624 Patris,
1807 2554 1872 2609 Filii
1885 2560 1913 2610 33
1923 2552 2044 2625 Spiritus
2053 2571 2074 2608 3.

379 2636 581 2691 31131333363331
604 2639 634 2692 in
651 2641 760 2694 lilium
778 2641 910 2710 hominis,
937 2642 1092 2694 renitetur
1108 2641 1147 2709 ei,
1165 2640 1215 2709 qui
1240 2655 1297 2693 una
1314 2639 1350 2693 sit
1370 2639 1515 2708 divinitas,
1542 2641 1666 2711 aequalis
1690 2642 1792 2713 gloria,
1819 2645 1967 2696 coaetsma
1989 2641 2073 2711 maja

294 2739 319 2783 3,
333 2730 472 2783 meatem
493 2723 630 2793 Spiritsm
648 2745 669 2781 s.
692 2727 941 2796 blasphemaverit,
967 2728 995 2781 ei
1016 2744 1072 2780 non
1094 2728 1213 2780 remitte·
1240 2731 1311 2794 stas,
1334 2726 1383 2781 sed
1408 2726 1515 2782 ratione
1539 2726 1682 2782 ministerii
1700 2727 1820 2797 Spiritus
1839 2733 1862 2782 2.
1881 2725 1942 2781 (lor.
1963 2731 1988 2791 3,
2005 2743 2031 2778 3.
2053 2729 2077 2795 8,

378 2816 433 2864 tur.
468 2808 554 2865 Hebr.
572 2816 596 2879 6,
613 2829 639 2864 3.
657 2818 687 2867 4:
717 2813 896 2881 Impossibile
916 2821 970 2878 333,
989 2830 1048 2881 333,
1066 2813 1116 2881 qui
1130 2812 1215 2866 semet
1241 2811 1317 2881 quod
1345 2818 1387 2867 est
1414 2813 1602 2885 evangelium,
1636 2830 1669 2868 33
1697 2813 1803 2868 33313113
1833 2810 1918 2868 officii
1946 2811 2076 2882 Spiritus,

377 2903 442 2949 sunt
459 2895 620 2965 illuminati,
637 2906 816 2967 pustacernnt
833 2900 916 2954 etiam
933 2901 1038 2953 donam
1049 2900 1173 2966 coeleste,
1189 2906 1214 2951 33
1242 2897 1318 2969 quod
1338 2906 1380 2953 333
1400 2899 1565 2966 illuminare,
1583 2905 1611 2956 et
1627 2900 1734 2955 ratione
1750 2898 1909 2967 testimonii,
1924 2898 2000 2971 quod
2016 2897 2077 2968 Spi-

293 2994 319 3037 3.
332 2995 365 3039 aa.
376 2981 533 3052 participes
543 2984 626 3050 facti
642 2993 707 3038 sunt
721 2985 845 3055 Spiritus
862 3004 884 3042 s.
904 3004 929 3041 v.
947 2993 976 3042 5:
996 2995 1021 3041 et
1037 2995 1216 3054 933333333333
1241 2985 1312 3039 ritus
1336 3003 1357 3038 s.
1383 2986 1438 3041 fert
1464 2986 1579 3058 Spiritui
1603 2993 1699 3044 nostro
1725 2986 1804 3040 Rom.
1830 2991 1859 3054 3,
1886 3003 1911 3040 v.
1939 2989 1979 3040 16.
2015 2983 2077 3048 Quo

377 3068 477 3122 bonum
495 3069 555 3122 Dei
571 3072 700 3136 33363333,
726 3072 894 3142 virtutesque
904 3074 1005 3141 flaturi
1021 3074 1117 3129 secali.
1140 3092 1167 3127 v.
1185 3079 1215 3128 a:
1242 3089 1325 3126 sensu
1350 3072 1434 3127 etiam
1458 3072 1632 3144 blasphemia
1656 3073 1775 3144 Spiritus
1796 3071 1895 3136 Matth.
1918 3077 1962 3140 12,
1985 3088 2011 3122 3.
2035 3074 2076 3124 30.

378 3161 405 3209 33
416 3155 553 3225 prolapsi
576 3164 653 3226 sunt,
676 3175 776 3212 333333
798 3160 932 3213 3333333333·
950 3162 991 3213 ad
1004 3161 1215 3230 poenitentiam,
1242 3157 1415 3228 blasphemia
1434 3159 1463 3213 in
1480 3158 1613 3230 Spiritum
1633 3159 1761 3227 1113333,
1779 3176 1804 3211 3.
1825 3163 1864 3212 31.
1888 3162 1916 3211 33
1935 3160 2075 3211 contume-

377 3258 489 3295 rursum
506 3243 699 3310 crucifipentes
715 3243 886 3298 aibiFilium
896 3245 955 3298 Dei
972 3254 999 3299 33
1016 3247 1136 3299 ostentui
1155 3263 1215 3300 333333
1241 3244 1280 3298 lia
1298 3243 1413 3315 Spiritui
1431 3245 1538 3316 gratiae
1555 3246 1632 3301 illata
1666 3245 1753 3301 Hebr.
1773 3251 1817 3311 10,
1837 3263 1864 3298 3.
1885 3249 1926 3299 30.
1953 3241 2076 3313 appella·

377 3325 515 3383 halantes.
550 3327 638 3385 Hebr.
657 3335 702 3400 10,
726 3349 751 3387 v.
769 3336 818 3388 263
851 3332 1015 3386 Voluntaria
1034 3332 1216 3402 peccantibus
1241 3337 1295 3386 tur.
1330 3329 1377 3386 Illi
1401 3348 1467 3403 ergo
1489 3331 1540 3386 soli
1562 3340 1706 3404 peccatum
1731 3330 1783 3385 hoc
1809 3328 1998 3398 committunt,
2028 3327 2077 3400 qui

378 3413 459 3467 nobis
471 3422 538 3483 post
555 3424 698 3485 acceptam
716 3418 846 3472 notitiam
862 3419 990 3472 3333333313
1009 3436 1065 3472 non
1082 3419 1216 3487 relinqui·
1241 3417 1386 3472 veritatem
1409 3419 1547 3488 agnitam,
1573 3420 1608 3474 de
1633 3436 1687 3490 qua
1711 3419 1740 3472 in
1765 3416 1933 3473 conscientia
1958 3413 2076 3470 convicti

379 3505 426 3553 333
438 3517 495 3569 pro
509 3503 636 3570 peccatis
652 3502 753 3559 hostia.
770 3521 795 3559 v.
809 3509 856 3559 213
875 3504 1010 3558 terribilis
1028 3512 1121 3558 autem
1132 3521 1215 3574 quae
1242 3507 1321 3571 sunt,
1345 3504 1501 3558 voluntaria
1523 3505 1628 3559 malitia
1647 3505 1802 3576 abnegant,
1822 3503 1993 3573 eandemque
2012 3517 2075 3554 cum

379 3586 447 3639 dam
463 3588 754 3657 exspectatiojudicii
769 3594 823 3645 etc.
842 3608 868 3643 3.
887 3596 932 3646 203
951 3598 1056 3660 3133333
1073 3591 1214 3645 deteriora
1242 3588 1416 3659 blasphemia
1443 3591 1615 3661 impugnant
1661 3591 1703 3644 Ex
1730 3606 1784 3660 quo
1811 3589 1964 3661 colligitur,
1993 3586 2077 3640 nimis

378 3674 483 3728 mereri
496 3676 609 3743 putatis
625 3676 782 3746 supplicia,
802 3678 853 3747 qui
868 3677 976 3730 Filium
991 3678 1053 3731 Dei
1070 3678 1215 3732 conculca·
1241 3676 1297 3730 late
1321 3676 1373 3731 hoc
1392 3685 1537 3746 peccatum
1558 3678 1593 3730 ab
1612 3677 1651 3731 eis
1670 3676 1794 3737 extendi,
1821 3680 1850 3729 et
1876 3673 2077 3745 desperationis

377 3758 449 3812 ecrit
467 3766 494 3812 et
511 3761 675 3829 sanpuinem
693 3763 853 3816 testamenti
870 3764 1013 3832 pollutam
1030 3764 1156 3831 ducerit',
1184 3763 1215 3816 in
1241 3778 1338 3815 ansam
1357 3762 1497 3831 praeberi,
1524 3763 1572 3833 qui
1592 3763 1709 3834 quodvis
1728 3762 1913 3816 voluntarium
1929 3766 2075 3830 peccatum

379 3861 434 3914 qrso
452 3847 642 3916 sanctfficatus
660 3856 700 3902 est
714 3857 741 3903 33
757 3848 882 3917 Spiritus
893 3850 1003 3916 pratiae
1020 3851 1214 3905 contumeliam
1240 3847 1293 3902 hoc
1316 3848 1427 3902 nomine
1448 3848 1603 3919 accipiunt,
1627 3849 1670 3903 331
1694 3849 1777 3903 etiam
1803 3847 1928 3918 quamvis
1949 3844 2076 3900 veritatis

371 3932 487 4001 jecerit.
528 3937 549 3987 1.
572 3931 637 3990 Joh.
655 3938 686 4001 5,
709 3951 735 3990 v.
761 3940 806 3990 lb:
840 3933 896 3998 Qui
916 3937 969 3990 seit
984 3939 1113 4004 fratrem
1135 3954 1214 3989 suum
1240 3932 1462 4003 abnegationem.
1498 3940 1521 3989 2.
1541 3935 1665 3989 Vocatur
1687 3935 1738 3990 hoc
1762 3939 1908 4005 peccatum
1931 3930 2075 3986 irremissi-

374 4033 497 4087 peccare
515 4026 661 4086 peccatum
683 4038 740 4073 non
770 4022 811 4074 ad
835 4028 966 4090 monem,
995 4030 1072 4091 petet
1093 4029 1119 4077 et
1136 4024 1216 4077 dabit
1241 4018 1311 4081 bile,
1341 4018 1415 4088 quod
1439 4017 1520 4073 nimis
1547 4020 1635 4075 dilnte
1660 4021 1773 4093 quidam
1799 4019 1940 4090 accipiunt
1962 4034 2014 4088 pro
2034 4034 2075 4086 co,
2088 4033 2162 4080 333

379 4103 408 4158 ci
433 4105 519 4157 33133333
545 4106 725 4174 peccantibus
754 4125 811 4161 non
836 4109 877 4161 ad
904 4116 1026 4163 mortem.
1073 4112 1124 4163 Est
1151 4126 1215 4179 pcc·
1242 4104 1316 4175 quod
1335 4104 1484 4160 difficulter
1501 4107 1664 4178 remittitur,
1684 4108 1750 4178 quia
1768 4107 1893 4161 Christus
1911 4122 2012 4176 magna
2029 4120 2074 4157 ve·

379 4196 472 4243 catum
500 4190 543 4242 aa
570 4198 697 4259 mortem,
726 4209 782 4246 non
807 4210 864 4263 pro
895 4194 947 4247 illo
976 4195 1049 4260 dico,
1079 4203 1109 4248 ut
1137 4204 1216 4263 repet
1241 4190 1379 4245 hementia
1401 4192 1575 4261 pronuntiat,
1605 4210 1657 4247 nec
1681 4194 1708 4247 in
1732 4194 1783 4247 hoc
1806 4210 1857 4246 nec
1877 4194 1906 4246 in
1922 4190 2016 4245 futuro
2035 4206 2076 4245 se·

380 4275 453 4346 ques.
497 4275 592 4332 Verba
629 4275 731 4333 Christi
768 4279 844 4349 apud
878 4280 1063 4351 evangelistas
1111 4280 1217 4336 directa
1241 4276 1319 4344 culo,
1346 4275 1398 4329 hoc
1423 4283 1478 4345 est,
1504 4277 1533 4330 in
1556 4283 1698 4333 aeternum
1716 4295 1772 4333 non
1791 4278 1892 4333 remitti
1910 4293 1943 4331 33
1960 4274 2078 4345 epistola

380 4364 446 4416 sunt
480 4369 577 4417 contra
606 4362 787 4433 Pharisaeos,
824 4364 873 4436 qui
903 4372 999 4420 contra
1029 4367 1216 4422 testimonium
1240 4362 1278 4416 ad
1294 4361 1438 4417 Hebraeos
1454 4361 1524 4417 dicit
1541 4364 1652 4417 omnino
1671 4364 1842 4435 impossibile
1861 4380 1937 4433 esse,
1955 4369 1988 4417 ut
2005 4361 2076 4416 tales

379 4447 565 4504 conscientiae
600 4448 735 4504 miracula
772 4449 876 4505 Christi
910 4450 1043 4506 dicebant
1075 4452 1135 4509 ficri
1165 4470 1216 4524 per
1241 4454 1416 4503 renoventur.
1450 4448 1574 4503 Dilutius
1592 4451 1675 4505 etiam
1694 4450 1746 4505 hoc
1764 4459 1819 4519 333,
1845 4450 1920 4521 quod
1935 4448 2077 4503 irremissi-

378 4532 546 4590 Beelaebub.
583 4532 676 4589 Irocm
698 4534 829 4591 Habuit.
853 4537 930 4592 33313
954 4538 1108 4609 exponitur.
1151 4538 1217 4604 Qui·
1241 4534 1298 4589 bile
1322 4532 1436 4604 quidam
1460 4535 1599 4604 accipiunt
1620 4554 1669 4602 pro
1690 4554 1741 4605 eo,
1763 4538 1838 4607 quod
1856 4553 1912 4590 non
1929 4534 2015 4590 habet
2032 4550 2078 4588 co·

379 4619 444 4673 dam
481 4618 652 4689 impossibile
682 4620 822 4691 accipiunt
851 4639 901 4692 pro
931 4623 1047 4679 difficili.
1095 4625 1216 4691 Quidam
1242 4636 1301 4674 ram
1320 4619 1477 4674 hominibus
1498 4622 1719 4690 excusationem,
1743 4638 1798 4675 non
1818 4622 1891 4677 euim
1910 4622 1946 4675 de
1965 4638 2078 4676 excusa-

379 4709 485 4759 textum
514 4704 657 4774 accipiunt
683 4705 718 4761 de
743 4706 913 4775 poenitentia
940 4710 1098 4779 posthanc
1120 4711 1214 4769 313333,
1242 4704 1330 4771 313113,
1352 4706 1401 4761 sed
1425 4706 1460 4760 de
1483 4707 1643 4761 remissione
1664 4709 1772 4777 peccati
1794 4708 1847 4763 hoc
1871 4708 1931 4763 loco
1950 4705 2078 4761 Christus

380 4787 500 4855 Quidam
528 4808 561 4845 ex
580 4790 725 4846 -vocabulo
753 4797 901 4863 φωτισμοῦ
925 4795 1023 4849 elicere
1047 4795 1144 4850 volunt
1169 4797 1215 4868 agi
1242 4791 1309 4863 agit.
1351 4791 1462 4847 Dicitur
1489 4799 1581 4847 autem
1614 4794 1684 4848 illud
1711 4800 1854 4865 peccatum
1880 4791 2078 4860 irremissibile,

381 4875 417 4929 de
433 4877 611 4932 renovatione
628 4893 679 4946 per
699 4876 877 4947 baptismum,
895 4879 932 4932 ed
950 4897 1031 4950 quem
1048 4898 1104 4936 non
1120 4888 1216 4953 pateat
1242 4885 1301 4933 tum
1326 4878 1392 4949 quia
1417 4878 1508 4948 ipsum
1532 4879 1630 4933 salutis
1648 4879 1781 4948 medium,
1808 4880 1938 4935 3111311333
1955 4878 2078 4932 ministe-

379 4966 469 5015 denno
490 4963 596 5030 33113313,
615 4963 664 5017 sed
682 4964 903 5020 commodissime
921 4966 1056 5036 accipitur
1075 4966 1119 5021 hic
1139 4968 1216 5024 locus
1242 4964 1313 5017 rium
1342 4963 1460 5035 Spiritus
1491 4965 1581 5019 sancti
1605 4966 1707 5019 directe
1731 4965 1890 5036 impugnat,
1919 4971 1978 5018 tum
2010 4963 2078 5035 quia

272 5063 277 5073 ·
380 5046 416 5101 de
433 5056 548 5116 peccato
565 5050 594 5105 in
612 5049 745 5122 Spiritum
763 5059 898 5121 sanctum,
918 5057 951 5106 ut
968 5054 1118 5108 ostendunt
1134 5071 1216 5110 aecu-
1243 5067 1306 5104 cum
1334 5058 1454 5105 extrema
1480 5051 1571 5105 cordis
1596 5051 1771 5107 induratione
1796 5058 1825 5105 et
1848 5051 1924 5106 finali
1942 5051 2079 5121 impoeni-

383 5138 462 5189 33333
478 5132 544 5191 illae
562 5135 760 5207 descriptiones
778 5137 905 5209 subjecti.
934 5137 1217 5196 Peccatumadmor·
1243 5136 1332 5191 tentia
1359 5137 1538 5206 conjunctum
1563 5143 1618 5206 cst3
1644 5137 1720 5192 unde
1742 5154 1798 5191 non
1822 5138 1943 5192 absurde
1962 5138 2078 5209 quidam
2173 5199 2180 5212 ι

383 5225 449 5287 tem,
467 5217 503 5274 ds
521 5236 576 5290 quo
596 5228 619 5277 1.
638 5222 702 5278 lob.
720 5228 744 5291 5,
761 5241 787 5278 v.
808 5230 847 5280 16.
866 5224 972 5296 agitur,
990 5225 1103 5296 quidam
1121 5226 1217 5281 dishn-
1244 5222 1353 5290 dicunt,
1374 5221 1460 5276 verbo
1479 5221 1532 5276 hoc
1552 5223 1579 5277 rb
1596 5223 1744 5297 γινόμενον
1762 5224 1958 5297 potiusquam
1977 5224 2009 5279 sb
2027 5228 2079 5280 ‹to-

384 5309 476 5378 guunt
500 5321 519 5359 a
539 5314 654 5376 peccato
678 5308 708 5363 in
726 5309 860 5381 Spiritum
879 5317 1022 5381 sanctum,
1049 5314 1098 5368 scd
1116 5315 1217 5369 rectius
1244 5308 1330 5365 saris
1353 5308 1455 5375 notari,
1480 5308 1556 5380 quod
1573 5314 1653 5364 tenor
1671 5312 1817 5367 verborum
1838 5310 1941 5366 Christi
1957 5330 2013 5369 non
2031 5313 2079 5369 ob·

382 5408 434 5465 pro
452 5392 550 5447 eodem
566 5393 708 5464 accipitur.
1246 5411 1326 5450 scure
1349 5393 1524 5464 comprobat,
1547 5398 1576 5448 33
1598 5393 1638 5449 313
1656 5400 1746 5452 stante
1764 5401 1808 5464 (ut
1826 5398 1868 5453 133
1886 5398 1994 5469 loquar)
2012 5399 2080 5453 irre·

256 5488 334 5541 oros·
421 5484 477 5535 109.
512 5477 620 5532 Horum
637 5479 760 5536 locorum
777 5482 865 5537 verba
882 5489 911 5538 33
929 5482 1101 5555 περιστάσεις
1117 5484 1142 5539 31
1158 5484 1218 5540 dili
1245 5479 1430 5536 missibilitate
1465 5480 1548 5552 hujus
1577 5482 1686 5553 peccati
1714 5483 1891 5539 nihilominus
1920 5501 2015 5539 verum
2046 5502 2080 5539 ac

255 5552 306 5582 nam
319 5540 356 5583 313.

383 5571 482 5638 genter
506 5564 693 5634 excutiantur,
719 5566 888 5638 invenietur,
920 5569 995 5640 quod
1017 5576 1163 5641 peccatum
1188 5571 1218 5626 in
1245 5573 1351 5623 sertum
1374 5571 1483 5636 manet,
1509 5568 1628 5638 gratiam
1652 5569 1802 5625 exuberare
1826 5586 1910 5640 supra
1934 5574 2080 5642 peceatm

383 5651 517 5722 Spiritum
534 5668 556 5705 s.
582 5649 619 5705 sit
634 5651 749 5723 agnitae
767 5657 797 5707 et
814 5652 844 5708 in
860 5655 1030 5711 conscicntia
1047 5656 1219 5727 approbatas
1244 5654 1325 5709 Rom.
1351 5660 1379 5721 5,
1403 5671 1429 5706 v.
1453 5658 1493 5709 20.
1530 5653 1677 5711 3113113131
1701 5672 1784 5712 sensu
1808 5655 1909 5712 dicitur
1933 5664 2080 5728 peccatum

381 5737 508 5792 veritatis
531 5737 710 5811 evangelicae
734 5738 874 5796 destinato
895 5741 1009 5797 consilio
1030 5740 1108 5798 13333
1135 5695 1283 5797 abne-iad
1303 5747 1432 5810 mortem,
1449 5756 1504 5795 non
1524 5741 1628 5812 solum,
1650 5743 1716 5816 quia
1736 5749 1778 5799 est
1794 5743 1909 5799 mortale
1926 5751 2080 5815 peccatum,
