<?xml version="1.0" encoding="UTF-8"?>
<!DOCTYPE html PUBLIC "-//W3C//DTD XHTML 1.0 Transitional//EN"
    "http://www.w3.org/TR/xhtml1/DTD/xhtml1-transitional.dtd">
<html xmlns="http://www.w3.org/1999/xhtml" xml:lang="en" lang="en">
 <head>
  <title>
</title>
<meta http-equiv="Content-Type" content="text/html;charset=utf-8" />
  <meta name='ocr-system' content='tesseract 3.04.00' />
  <meta name='ocr-capabilities' content='ocr_page ocr_carea ocr_par ocr_line ocrx_word'/>
</head>
<body>
  <div class='ocr_page' id='page_1' title='image "./locitheologicit04gerhgoog/locitheologicit04gerhgoog_0213.png"; bbox 0 0 5017 6675; ppageno 0'>
   <div class='ocr_carea' id='block_1_1' title="bbox 918 508 2029 587">
    <p class='ocr_par' dir='ltr' id='par_1_1' title="bbox 918 508 2029 587">
     <span class='ocr_line' id='line_1_1' title="bbox 918 508 2029 587; baseline 0.016 -19"><span class='ocrx_word' id='word_1_1' title='bbox 918 512 971 568; x_wconf 81' lang='lat' dir='ltr'><strong>Da</strong></span> <span class='ocrx_word' id='word_1_2' title='bbox 989 509 1175 569; x_wconf 72' lang='lat' dir='ltr'><strong>Pactam</strong></span> <span class='ocrx_word' id='word_1_3' title='bbox 1191 508 1447 572; x_wconf 79' lang='lat' dir='ltr'><strong>AOTUALIBUS.</strong></span> <span class='ocrx_word' id='word_1_4' title='bbox 1967 527 2029 587; x_wconf 76' lang='lat' dir='ltr'><strong>tot</strong></span> 
     </span>
    </p>
   </div>
   <div class='ocr_carea' id='block_1_2' title="bbox 257 658 2236 5495">
    <p class='ocr_par' dir='ltr' id='par_1_2' title="bbox 257 658 2236 5495">
     <span class='ocr_line' id='line_1_2' title="bbox 324 658 2157 744; baseline 0.005 -22"><span class='ocrx_word' id='word_1_5' title='bbox 324 667 471 739; x_wconf 69' lang='lat' dir='ltr'><strong>apostola·</strong></span> <span class='ocrx_word' id='word_1_6' title='bbox 485 658 570 738; x_wconf 71' lang='lat' dir='ltr'><strong>jubet</strong></span> <span class='ocrx_word' id='word_1_7' title='bbox 585 666 724 739; x_wconf 83' lang='lat' dir='ltr'><strong>deponere</strong></span> <span class='ocrx_word' id='word_1_8' title='bbox 740 672 875 738; x_wconf 80' lang='lat' dir='ltr'><strong>quantum</strong></span> <span class='ocrx_word' id='word_1_9' title='bbox 893 667 931 722; x_wconf 85' lang='lat' dir='ltr'><strong>ad</strong></span> <span class='ocrx_word' id='word_1_10' title='bbox 958 667 1095 736; x_wconf 86' lang='lat' dir='ltr'><strong>studium,</strong></span> <span class='ocrx_word' id='word_1_11' title='bbox 1122 683 1167 722; x_wconf 91' lang='lat' dir='ltr'><strong>co·</strong></span> <span class='ocrx_word' id='word_1_12' title='bbox 1228 673 1269 725; x_wconf 83' lang='grc'><strong>63.</strong></span> <span class='ocrx_word' id='word_1_13' title='bbox 1308 675 1331 724; x_wconf 94' lang='grc'><strong>1.</strong></span> <span class='ocrx_word' id='word_1_14' title='bbox 1343 667 1407 724; x_wconf 78' lang='lat' dir='ltr'><strong>doh.</strong></span> <span class='ocrx_word' id='word_1_15' title='bbox 1430 675 1451 733; x_wconf 96' lang='grc'>1,</span> <span class='ocrx_word' id='word_1_16' title='bbox 1470 685 1496 723; x_wconf 82' lang='lat' dir='ltr'><strong>v.</strong></span> <span class='ocrx_word' id='word_1_17' title='bbox 1517 675 1546 726; x_wconf 82' lang='lat'><strong>8:</strong></span> <span class='ocrx_word' id='word_1_18' title='bbox 1568 669 1602 724; x_wconf 77' lang='lat' dir='ltr'><strong>ss·</strong></span> <span class='ocrx_word' id='word_1_19' title='bbox 1615 670 1776 740; x_wconf 55' lang='lat' dir='ltr'><strong>Mutus,</strong></span> <span class='ocrx_word' id='word_1_20' title='bbox 1795 675 2157 744; x_wconf 65' lang='lat' dir='ltr'><strong>quodpessatnm1‚ns,1,</strong></span> 
     </span>
     <span class='ocr_line' id='line_1_3' title="bbox 324 752 2236 846; baseline 0.005 -38"><span class='ocrx_word' id='word_1_21' title='bbox 324 761 482 822; x_wconf 76' lang='lat' dir='ltr'><strong>natumst</strong></span> <span class='ocrx_word' id='word_1_22' title='bbox 510 754 678 810; x_wconf 86' lang='lat' dir='ltr'><strong>desiderium</strong></span> <span class='ocrx_word' id='word_1_23' title='bbox 707 762 865 810; x_wconf 87' lang='lat' dir='ltr'><strong>renatorum</strong></span> <span class='ocrx_word' id='word_1_24' title='bbox 895 753 1005 817; x_wconf 87' lang='lat' dir='ltr'><strong>attinet,</strong></span> <span class='ocrx_word' id='word_1_25' title='bbox 1040 753 1166 825; x_wconf 78' lang='lat' dir='ltr'><strong>quamvis</strong></span> <span class='ocrx_word' id='word_1_26' title='bbox 1193 771 1248 806; x_wconf 89' lang='lat' dir='ltr'><strong>non</strong></span> <span class='ocrx_word' id='word_1_27' title='bbox 1267 755 1405 818; x_wconf 77' lang='lat' dir='ltr'><strong>habemas,</strong></span> <span class='ocrx_word' id='word_1_28' title='bbox 1423 756 1483 825; x_wconf 83' lang='lat' dir='ltr'><strong>ipsi</strong></span> <span class='ocrx_word' id='word_1_29' title='bbox 1500 774 1551 810; x_wconf 89' lang='lat' dir='ltr'><strong>nos</strong></span> <span class='ocrx_word' id='word_1_30' title='bbox 1565 759 1730 825; x_wconf 84' lang='lat' dir='ltr'><strong>seducimus,</strong></span> <span class='ocrx_word' id='word_1_31' title='bbox 1749 762 1891 815; x_wconf 88' lang='lat' dir='ltr'><strong>etueritas</strong></span> <span class='ocrx_word' id='word_1_32' title='bbox 1908 763 1937 815; x_wconf 89' lang='lat' dir='ltr'><strong>in</strong></span> <span class='ocrx_word' id='word_1_33' title='bbox 1951 765 2031 818; x_wconf 74' lang='lat' dir='ltr'><strong>nota</strong></span> <span class='ocrx_word' id='word_1_34' title='bbox 2044 752 2145 846; x_wconf 54' lang='lat' dir='ltr'><strong>ffm‘ffi‘·</strong></span> <span class='ocrx_word' id='word_1_35' title='bbox 2231 753 2236 758; x_wconf 59' lang='grc'><strong>’</strong></span> 
     </span>
     <span class='ocr_line' id='line_1_4' title="bbox 326 834 2146 913; baseline 0.004 -18"><span class='ocrx_word' id='word_1_36' title='bbox 326 841 421 913; x_wconf 87' lang='lat' dir='ltr'><strong>quoad</strong></span> <span class='ocrx_word' id='word_1_37' title='bbox 440 847 535 896; x_wconf 89' lang='lat' dir='ltr'><strong>actum</strong></span> <span class='ocrx_word' id='word_1_38' title='bbox 559 841 589 895; x_wconf 91' lang='lat' dir='ltr'><strong>in</strong></span> <span class='ocrx_word' id='word_1_39' title='bbox 612 841 664 896; x_wconf 88' lang='lat' dir='ltr'><strong>hac</strong></span> <span class='ocrx_word' id='word_1_40' title='bbox 683 842 742 896; x_wconf 81' lang='lat' dir='ltr'><strong>vita</strong></span> <span class='ocrx_word' id='word_1_41' title='bbox 758 858 901 913; x_wconf 90' lang='lat' dir='ltr'><strong>nunquam</strong></span> <span class='ocrx_word' id='word_1_42' title='bbox 920 840 1044 911; x_wconf 80' lang='lat' dir='ltr'><strong>perfecte</strong></span> <span class='ocrx_word' id='word_1_43' title='bbox 1064 841 1166 910; x_wconf 82' lang='lat' dir='ltr'>deponi</span> <span class='ocrx_word' id='word_1_44' title='bbox 1192 859 1248 893; x_wconf 88' lang='lat' dir='ltr'><strong>non</strong></span> <span class='ocrx_word' id='word_1_45' title='bbox 1274 850 1325 898; x_wconf 87' lang='lat' dir='ltr'><strong>est.</strong></span> <span class='ocrx_word' id='word_1_46' title='bbox 1370 841 1445 913; x_wconf 87' lang='lat' dir='ltr'><strong>Ergo</strong></span> <span class='ocrx_word' id='word_1_47' title='bbox 1471 842 1500 896; x_wconf 93' lang='lat' dir='ltr'><strong>in</strong></span> <span class='ocrx_word' id='word_1_48' title='bbox 1526 842 1654 897; x_wconf 90' lang='lat' dir='ltr'><strong>omnibus</strong></span> <span class='ocrx_word' id='word_1_49' title='bbox 1680 847 1784 899; x_wconf 89' lang='lat' dir='ltr'><strong>renatis</strong></span> <span class='ocrx_word' id='word_1_50' title='bbox 1810 847 1902 902; x_wconf 91' lang='lat' dir='ltr'><strong>adhuc</strong></span> <span class='ocrx_word' id='word_1_51' title='bbox 1929 849 2025 904; x_wconf 81' lang='lat' dir='ltr'><strong>haeret</strong></span> <span class='ocrx_word' id='word_1_52' title='bbox 2043 865 2085 895; x_wconf 78' lang='lat' dir='ltr'><strong>m.</strong></span> <span class='ocrx_word' id='word_1_53' title='bbox 2100 834 2146 896; x_wconf 78' lang='lat' dir='ltr'><strong>n&#39;on</strong></span> 
     </span>
     <span class='ocr_line' id='line_1_5' title="bbox 324 907 2127 1006; baseline 0.004 -25"><span class='ocrx_word' id='word_1_54' title='bbox 324 928 431 998; x_wconf 83' lang='lat' dir='ltr'><strong>possit,</strong></span> <span class='ocrx_word' id='word_1_55' title='bbox 455 927 572 998; x_wconf 76' lang='lat' dir='ltr'><strong>perinde</strong></span> <span class='ocrx_word' id='word_1_56' title='bbox 595 934 627 983; x_wconf 90' lang='lat' dir='ltr'><strong>ut</strong></span> <span class='ocrx_word' id='word_1_57' title='bbox 649 935 768 983; x_wconf 73' lang='lat' dir='ltr'><strong>retmem</strong></span> <span class='ocrx_word' id='word_1_58' title='bbox 791 927 929 983; x_wconf 90' lang='lat' dir='ltr'><strong>hominem</strong></span> <span class='ocrx_word' id='word_1_59' title='bbox 955 943 1054 981; x_wconf 89' lang='lat' dir='ltr'><strong>exuere</strong></span> <span class='ocrx_word' id='word_1_60' title='bbox 1071 933 1100 980; x_wconf 92' lang='lat' dir='ltr'><strong>et</strong></span> <span class='ocrx_word' id='word_1_61' title='bbox 1117 926 1164 980; x_wconf 89' lang='lat' dir='ltr'><strong>de·</strong></span> <span class='ocrx_word' id='word_1_62' title='bbox 1192 933 1351 995; x_wconf 87' lang='lat' dir='ltr'><strong>peccatum,</strong></span> <span class='ocrx_word' id='word_1_63' title='bbox 1376 927 1442 982; x_wconf 90' lang='lat' dir='ltr'><strong>licet</strong></span> <span class='ocrx_word' id='word_1_64' title='bbox 1459 929 1604 983; x_wconf 89' lang='lat' dir='ltr'><strong>remissum</strong></span> <span class='ocrx_word' id='word_1_65' title='bbox 1623 936 1653 984; x_wconf 90' lang='lat' dir='ltr'><strong>et</strong></span> <span class='ocrx_word' id='word_1_66' title='bbox 1676 931 1879 987; x_wconf 87' lang='lat' dir='ltr'><strong>mortificatum.</strong></span> <span class='ocrx_word' id='word_1_67' title='bbox 1916 933 2029 1004; x_wconf 84' lang='lat' dir='ltr'>Excipit</span> <span class='ocrx_word' id='word_1_68' title='bbox 2042 907 2127 1006; x_wconf 40' lang='lat'><strong>{3:222</strong></span> 
     </span>
     <span class='ocr_line' id='line_1_6' title="bbox 325 1011 2151 1086; baseline 0.003 -17"><span class='ocrx_word' id='word_1_69' title='bbox 325 1029 432 1084; x_wconf 85' lang='lat' dir='ltr'><strong>ponere</strong></span> <span class='ocrx_word' id='word_1_70' title='bbox 449 1013 516 1069; x_wconf 87' lang='lat' dir='ltr'><strong>alibi</strong></span> <span class='ocrx_word' id='word_1_71' title='bbox 534 1015 674 1084; x_wconf 90' lang='lat' dir='ltr'><strong>jubemur,</strong></span> <span class='ocrx_word' id='word_1_72' title='bbox 693 1014 833 1085; x_wconf 74' lang='lat' dir='ltr'><strong>Ephesi,</strong></span> <span class='ocrx_word' id='word_1_73' title='bbox 851 1031 877 1068; x_wconf 84' lang='lat' dir='ltr'><strong>v.</strong></span> <span class='ocrx_word' id='word_1_74' title='bbox 897 1019 937 1068; x_wconf 80' lang='lat'><strong>22.</strong></span> <span class='ocrx_word' id='word_1_75' title='bbox 974 1011 1032 1066; x_wconf 84' lang='lat' dir='ltr'><strong>col.</strong></span> <span class='ocrx_word' id='word_1_76' title='bbox 1055 1018 1078 1078; x_wconf 89' lang='grc'><strong>3,</strong></span> <span class='ocrx_word' id='word_1_77' title='bbox 1097 1030 1123 1064; x_wconf 84' lang='lat' dir='ltr'><strong>v.</strong></span> <span class='ocrx_word' id='word_1_78' title='bbox 1141 1019 1166 1074; x_wconf 90' lang='grc'><strong>9,</strong></span> <span class='ocrx_word' id='word_1_79' title='bbox 1191 1013 1385 1081; x_wconf 84' lang='lat' dir='ltr'><strong>Bellarminus,</strong></span> <span class='ocrx_word' id='word_1_80' title='bbox 1406 1020 1429 1068; x_wconf 85' lang='lat'><strong>1.</strong></span> <span class='ocrx_word' id='word_1_81' title='bbox 1448 1015 1527 1083; x_wconf 80' lang='lat' dir='ltr'><strong>laqsti</strong></span> <span class='ocrx_word' id='word_1_82' title='bbox 1542 1017 1700 1069; x_wconf 83' lang='lat' dir='ltr'><strong>Johannem</strong></span> <span class='ocrx_word' id='word_1_83' title='bbox 1719 1019 1754 1070; x_wconf 88' lang='lat' dir='ltr'><strong>ds</strong></span> <span class='ocrx_word' id='word_1_84' title='bbox 1768 1021 1893 1086; x_wconf 81' lang='lat' dir='ltr'><strong>peccatis</strong></span> <span class='ocrx_word' id='word_1_85' title='bbox 1911 1021 2029 1074; x_wconf 80' lang='lat' dir='ltr'><strong>actuali-</strong></span> <span class='ocrx_word' id='word_1_86' title='bbox 2042 1014 2091 1050; x_wconf 69' lang='lat'>‘⁰¹¹²</span> <span class='ocrx_word' id='word_1_87' title='bbox 2106 1013 2151 1054; x_wconf 50' lang='grc' dir='ltr'><strong>’ω’</strong></span> 
     </span>
     <span class='ocr_line' id='line_1_7' title="bbox 326 1098 2027 1177; baseline 0.004 -23"><span class='ocrx_word' id='word_1_88' title='bbox 326 1100 404 1172; x_wconf 88' lang='lat' dir='ltr'><strong>quod</strong></span> <span class='ocrx_word' id='word_1_89' title='bbox 420 1107 517 1155; x_wconf 88' lang='lat' dir='ltr'><strong>tamen</strong></span> <span class='ocrx_word' id='word_1_90' title='bbox 539 1101 568 1155; x_wconf 90' lang='lat' dir='ltr'><strong>in</strong></span> <span class='ocrx_word' id='word_1_91' title='bbox 591 1099 645 1154; x_wconf 88' lang='lat' dir='ltr'><strong>hac</strong></span> <span class='ocrx_word' id='word_1_92' title='bbox 662 1101 720 1155; x_wconf 86' lang='lat' dir='ltr'><strong>vita</strong></span> <span class='ocrx_word' id='word_1_93' title='bbox 740 1117 884 1172; x_wconf 88' lang='lat' dir='ltr'><strong>nunquam</strong></span> <span class='ocrx_word' id='word_1_94' title='bbox 907 1099 1031 1170; x_wconf 84' lang='lat' dir='ltr'><strong>perfecte</strong></span> <span class='ocrx_word' id='word_1_95' title='bbox 1052 1098 1166 1152; x_wconf 90' lang='lat' dir='ltr'><strong>anobis</strong></span> <span class='ocrx_word' id='word_1_96' title='bbox 1192 1100 1241 1151; x_wconf 87' lang='lat' dir='ltr'><strong>bas</strong></span> <span class='ocrx_word' id='word_1_97' title='bbox 1260 1099 1374 1152; x_wconf 85' lang='lat' dir='ltr'><strong>minatis</strong></span> <span class='ocrx_word' id='word_1_98' title='bbox 1392 1118 1426 1153; x_wconf 90' lang='lat' dir='ltr'><strong>ac</strong></span> <span class='ocrx_word' id='word_1_99' title='bbox 1444 1103 1625 1169; x_wconf 80' lang='lat' dir='ltr'><strong>quotidianis.</strong></span> <span class='ocrx_word' id='word_1_100' title='bbox 1661 1102 1885 1172; x_wconf 80' lang='lat' dir='ltr'><strong>Respondemus:</strong></span> <span class='ocrx_word' id='word_1_101' title='bbox 1905 1105 2027 1177; x_wconf 90' lang='lat' dir='ltr'><strong>loquitur</strong></span> 
     </span>
     <span class='ocr_line' id='line_1_8' title="bbox 326 1186 2027 1263; baseline 0.004 -22"><span class='ocrx_word' id='word_1_102' title='bbox 326 1186 388 1242; x_wconf 85' lang='lat' dir='ltr'><strong>fieri</strong></span> <span class='ocrx_word' id='word_1_103' title='bbox 407 1194 509 1258; x_wconf 82' lang='lat' dir='ltr'><strong>potest</strong></span> <span class='ocrx_word' id='word_1_104' title='bbox 538 1188 724 1243; x_wconf 89' lang='lat' dir='ltr'><strong>Bellarminus</strong></span> <span class='ocrx_word' id='word_1_105' title='bbox 742 1188 819 1256; x_wconf 92' lang='lat' dir='ltr'><strong>dicit,</strong></span> <span class='ocrx_word' id='word_1_106' title='bbox 832 1205 886 1257; x_wconf 83' lang='lat' dir='ltr'><strong>per</strong></span> <span class='ocrx_word' id='word_1_107' title='bbox 904 1187 1088 1240; x_wconf 87' lang='lat' dir='ltr'><strong>circumstans</strong></span> <span class='ocrx_word' id='word_1_108' title='bbox 1101 1201 1166 1254; x_wconf 86' lang='lat' dir='ltr'><strong>pea-</strong></span> <span class='ocrx_word' id='word_1_109' title='bbox 1191 1186 1226 1240; x_wconf 92' lang='lat' dir='ltr'><strong>de</strong></span> <span class='ocrx_word' id='word_1_110' title='bbox 1245 1187 1379 1258; x_wconf 90' lang='lat' dir='ltr'><strong>utrisque,</strong></span> <span class='ocrx_word' id='word_1_111' title='bbox 1398 1194 1457 1240; x_wconf 92' lang='lat' dir='ltr'><strong>tum</strong></span> <span class='ocrx_word' id='word_1_112' title='bbox 1477 1189 1511 1243; x_wconf 93' lang='lat' dir='ltr'><strong>de</strong></span> <span class='ocrx_word' id='word_1_113' title='bbox 1527 1189 1650 1260; x_wconf 89' lang='lat' dir='ltr'><strong>reliquiis</strong></span> <span class='ocrx_word' id='word_1_114' title='bbox 1671 1192 1779 1260; x_wconf 89' lang='lat' dir='ltr'><strong>peccati</strong></span> <span class='ocrx_word' id='word_1_115' title='bbox 1797 1191 1948 1263; x_wconf 84' lang='lat' dir='ltr'><strong>originalis,</strong></span> <span class='ocrx_word' id='word_1_116' title='bbox 1969 1200 2027 1247; x_wconf 90' lang='lat' dir='ltr'><strong>tum</strong></span> 
     </span>
     <span class='ocr_line' id='line_1_9' title="bbox 327 1273 2027 1348; baseline 0.004 -22"><span class='ocrx_word' id='word_1_117' title='bbox 327 1282 423 1326; x_wconf 84' lang='lat' dir='ltr'><strong>catam</strong></span> <span class='ocrx_word' id='word_1_118' title='bbox 447 1273 572 1342; x_wconf 70' lang='lat' dir='ltr'><strong>intelligi</strong></span> <span class='ocrx_word' id='word_1_119' title='bbox 590 1275 650 1328; x_wconf 87' lang='lat' dir='ltr'><strong>sine</strong></span> <span class='ocrx_word' id='word_1_120' title='bbox 675 1275 761 1328; x_wconf 86' lang='lat' dir='ltr'><strong>dubio</strong></span> <span class='ocrx_word' id='word_1_121' title='bbox 784 1274 898 1342; x_wconf 76' lang='lat' dir='ltr'><strong>aliquid</strong></span> <span class='ocrx_word' id='word_1_122' title='bbox 921 1273 1116 1333; x_wconf 69' lang='lat' dir='ltr'><strong>extrinsecam,</strong></span> <span class='ocrx_word' id='word_1_123' title='bbox 1138 1275 1168 1324; x_wconf 91' lang='lat' dir='ltr'><strong>et</strong></span> <span class='ocrx_word' id='word_1_124' title='bbox 1192 1273 1227 1327; x_wconf 92' lang='lat' dir='ltr'><strong>de</strong></span> <span class='ocrx_word' id='word_1_125' title='bbox 1245 1273 1414 1344; x_wconf 81' lang='lat' dir='ltr'>quotidianis</span> <span class='ocrx_word' id='word_1_126' title='bbox 1432 1274 1540 1328; x_wconf 88' lang='lat' dir='ltr'><strong>delictis</strong></span> <span class='ocrx_word' id='word_1_127' title='bbox 1558 1274 1734 1344; x_wconf 87' lang='lat' dir='ltr'><strong>infirmitatis,</strong></span> <span class='ocrx_word' id='word_1_128' title='bbox 1753 1293 1825 1348; x_wconf 91' lang='lat' dir='ltr'><strong>quae</strong></span> <span class='ocrx_word' id='word_1_129' title='bbox 1838 1284 1904 1332; x_wconf 88' lang='lat' dir='ltr'><strong>sunt</strong></span> <span class='ocrx_word' id='word_1_130' title='bbox 1916 1278 2027 1333; x_wconf 87' lang='lat' dir='ltr'><strong>fructus</strong></span> 
     </span>
     <span class='ocr_line' id='line_1_10' title="bbox 325 1356 2025 1432; baseline 0.004 -18"><span class='ocrx_word' id='word_1_131' title='bbox 325 1366 422 1414; x_wconf 62' lang='lat' dir='ltr'><strong>nmen</strong></span> <span class='ocrx_word' id='word_1_132' title='bbox 446 1359 532 1429; x_wconf 87' lang='lat' dir='ltr'><strong>paulo</strong></span> <span class='ocrx_word' id='word_1_133' title='bbox 557 1367 622 1429; x_wconf 86' lang='lat' dir='ltr'><strong>post</strong></span> <span class='ocrx_word' id='word_1_134' title='bbox 647 1359 728 1413; x_wconf 86' lang='lat' dir='ltr'><strong>addit</strong></span> <span class='ocrx_word' id='word_1_135' title='bbox 744 1360 913 1412; x_wconf 83' lang='lat' dir='ltr'><strong>intrinsecas</strong></span> <span class='ocrx_word' id='word_1_136' title='bbox 933 1358 1098 1410; x_wconf 71' lang='lat' dir='ltr'><strong>tentationes</strong></span> <span class='ocrx_word' id='word_1_137' title='bbox 1116 1356 1168 1409; x_wconf 78' lang='lat' dir='ltr'><strong>hoc</strong></span> <span class='ocrx_word' id='word_1_138' title='bbox 1192 1365 1277 1429; x_wconf 90' lang='lat' dir='ltr'><strong>atque</strong></span> <span class='ocrx_word' id='word_1_139' title='bbox 1303 1360 1429 1427; x_wconf 67' lang='lat' dir='ltr'><strong>naiasin</strong></span> <span class='ocrx_word' id='word_1_140' title='bbox 1458 1361 1615 1431; x_wconf 78' lang='lat' dir='ltr'><strong>originalis3</strong></span> <span class='ocrx_word' id='word_1_141' title='bbox 1645 1369 1773 1417; x_wconf 73' lang='lat' dir='ltr'><strong>notanter</strong></span> <span class='ocrx_word' id='word_1_142' title='bbox 1802 1364 1883 1432; x_wconf 91' lang='lat' dir='ltr'><strong>dicit,</strong></span> <span class='ocrx_word' id='word_1_143' title='bbox 1912 1370 2025 1421; x_wconf 86' lang='lat' dir='ltr'><strong>renatos</strong></span> 
     </span>
     <span class='ocr_line' id='line_1_11' title="bbox 326 1442 2030 1520; baseline 0.003 -20"><span class='ocrx_word' id='word_1_144' title='bbox 326 1447 441 1500; x_wconf 71' lang='lat' dir='ltr'><strong>namins</strong></span> <span class='ocrx_word' id='word_1_145' title='bbox 461 1446 585 1513; x_wconf 70' lang='lat' dir='ltr'><strong>intelligi</strong></span> <span class='ocrx_word' id='word_1_146' title='bbox 611 1447 673 1514; x_wconf 91' lang='lat' dir='ltr'><strong>[nisi</strong></span> <span class='ocrx_word' id='word_1_147' title='bbox 700 1445 770 1501; x_wconf 84' lang='lat' dir='ltr'><strong>forte</strong></span> <span class='ocrx_word' id='word_1_148' title='bbox 790 1445 918 1516; x_wconf 80' lang='lat' dir='ltr'><strong>sphalma</strong></span> <span class='ocrx_word' id='word_1_149' title='bbox 934 1442 1167 1514; x_wconf 80' lang='lat' dir='ltr'><strong>typographicam</strong></span> <span class='ocrx_word' id='word_1_150' title='bbox 1192 1445 1272 1513; x_wconf 76' lang='grc' dir='ltr'><strong>ἔχειν,</strong></span> <span class='ocrx_word' id='word_1_151' title='bbox 1301 1445 1403 1500; x_wconf 88' lang='lat' dir='ltr'><strong>habere</strong></span> <span class='ocrx_word' id='word_1_152' title='bbox 1430 1451 1594 1516; x_wconf 71' lang='lat' dir='ltr'><strong>peccatum,</strong></span> <span class='ocrx_word' id='word_1_153' title='bbox 1622 1464 1688 1519; x_wconf 88' lang='lat' dir='ltr'><strong>ergo</strong></span> <span class='ocrx_word' id='word_1_154' title='bbox 1713 1450 1823 1519; x_wconf 87' lang='lat' dir='ltr'><strong>proprie</strong></span> <span class='ocrx_word' id='word_1_155' title='bbox 1849 1448 1972 1520; x_wconf 91' lang='lat' dir='ltr'><strong>loquitur</strong></span> <span class='ocrx_word' id='word_1_156' title='bbox 1993 1448 2030 1505; x_wconf 88' lang='lat' dir='ltr'><strong>do</strong></span> 
     </span>
     <span class='ocr_line' id='line_1_12' title="bbox 328 1531 2028 1606; baseline 0.002 -20"><span class='ocrx_word' id='word_1_157' title='bbox 328 1532 430 1600; x_wconf 87' lang='lat' dir='ltr'><strong>subsit]</strong></span> <span class='ocrx_word' id='word_1_158' title='bbox 462 1537 574 1587; x_wconf 86' lang='lat' dir='ltr'><strong>secutus</strong></span> <span class='ocrx_word' id='word_1_159' title='bbox 601 1532 736 1586; x_wconf 86' lang='lat' dir='ltr'><strong>Thomam</strong></span> <span class='ocrx_word' id='word_1_160' title='bbox 754 1531 924 1602; x_wconf 82' lang='lat' dir='ltr'><strong>Aquinatem</strong></span> <span class='ocrx_word' id='word_1_161' title='bbox 954 1531 1114 1584; x_wconf 86' lang='lat' dir='ltr'><strong>occasiones</strong></span> <span class='ocrx_word' id='word_1_162' title='bbox 1144 1536 1168 1580; x_wconf 83' lang='lat' dir='ltr'><strong>et</strong></span> <span class='ocrx_word' id='word_1_163' title='bbox 1194 1537 1323 1601; x_wconf 87' lang='lat' dir='ltr'><strong>peccato,</strong></span> <span class='ocrx_word' id='word_1_164' title='bbox 1348 1539 1379 1585; x_wconf 93' lang='lat' dir='ltr'><strong>ut</strong></span> <span class='ocrx_word' id='word_1_165' title='bbox 1395 1532 1435 1585; x_wconf 91' lang='lat' dir='ltr'><strong>ita</strong></span> <span class='ocrx_word' id='word_1_166' title='bbox 1452 1532 1550 1594; x_wconf 83' lang='lat' dir='ltr'><strong>dicam,</strong></span> <span class='ocrx_word' id='word_1_167' title='bbox 1571 1534 1674 1597; x_wconf 66' lang='grc' dir='ltr'><strong>ἑκτικώ,</strong></span> <span class='ocrx_word' id='word_1_168' title='bbox 1692 1533 1828 1589; x_wconf 87' lang='lat' dir='ltr'><strong>habituali</strong></span> <span class='ocrx_word' id='word_1_169' title='bbox 1848 1543 1876 1589; x_wconf 90' lang='lat' dir='ltr'><strong>et</strong></span> <span class='ocrx_word' id='word_1_170' title='bbox 1891 1542 2028 1606; x_wconf 90' lang='lat' dir='ltr'><strong>perpetuo</strong></span> 
     </span>
     <span class='ocr_line' id='line_1_13' title="bbox 324 1615 2029 1691; baseline 0.002 -19"><span class='ocrx_word' id='word_1_171' title='bbox 324 1619 461 1689; x_wconf 73' lang='lat' dir='ltr'><strong>pertenta</strong></span> <span class='ocrx_word' id='word_1_172' title='bbox 478 1619 621 1687; x_wconf 80' lang='lat' dir='ltr'><strong>peccandi</strong></span> <span class='ocrx_word' id='word_1_173' title='bbox 643 1620 694 1672; x_wconf 82' lang='lat' dir='ltr'><strong>boc</strong></span> <span class='ocrx_word' id='word_1_174' title='bbox 717 1618 779 1672; x_wconf 85' lang='lat' dir='ltr'><strong>iaco</strong></span> <span class='ocrx_word' id='word_1_175' title='bbox 805 1618 937 1670; x_wconf 86' lang='lat' dir='ltr'><strong>denotari</strong></span> <span class='ocrx_word' id='word_1_176' title='bbox 961 1615 1070 1683; x_wconf 91' lang='lat' dir='ltr'><strong>scribit,</strong></span> <span class='ocrx_word' id='word_1_177' title='bbox 1098 1631 1168 1685; x_wconf 91' lang='lat' dir='ltr'><strong>quae</strong></span> <span class='ocrx_word' id='word_1_178' title='bbox 1194 1618 1296 1672; x_wconf 89' lang='lat' dir='ltr'><strong>renatis</strong></span> <span class='ocrx_word' id='word_1_179' title='bbox 1315 1617 1483 1686; x_wconf 86' lang='lat' dir='ltr'><strong>inhaerente,</strong></span> <span class='ocrx_word' id='word_1_180' title='bbox 1501 1619 1661 1673; x_wconf 87' lang='lat' dir='ltr'><strong>etiamtum</strong></span> <span class='ocrx_word' id='word_1_181' title='bbox 1681 1622 1793 1691; x_wconf 85' lang='lat' dir='ltr'><strong>quando</strong></span> <span class='ocrx_word' id='word_1_182' title='bbox 1811 1621 1962 1675; x_wconf 84' lang='lat' dir='ltr'><strong>actualium</strong></span> <span class='ocrx_word' id='word_1_183' title='bbox 1983 1622 2029 1675; x_wconf 90' lang='lat' dir='ltr'><strong>de-</strong></span> 
     </span>
     <span class='ocr_line' id='line_1_14' title="bbox 328 1701 2030 1778; baseline 0.001 -18"><span class='ocrx_word' id='word_1_184' title='bbox 328 1711 425 1760; x_wconf 76' lang='lat' dir='ltr'><strong>tamen</strong></span> <span class='ocrx_word' id='word_1_185' title='bbox 460 1706 571 1775; x_wconf 89' lang='lat' dir='ltr'><strong>proprie</strong></span> <span class='ocrx_word' id='word_1_186' title='bbox 604 1721 661 1758; x_wconf 91' lang='lat' dir='ltr'><strong>non</strong></span> <span class='ocrx_word' id='word_1_187' title='bbox 692 1704 823 1759; x_wconf 91' lang='lat' dir='ltr'><strong>dicuntur</strong></span> <span class='ocrx_word' id='word_1_188' title='bbox 851 1703 967 1773; x_wconf 87' lang='lat' dir='ltr'><strong>deponi,</strong></span> <span class='ocrx_word' id='word_1_189' title='bbox 1006 1719 1069 1756; x_wconf 92' lang='lat' dir='ltr'><strong>cum</strong></span> <span class='ocrx_word' id='word_1_190' title='bbox 1100 1701 1168 1753; x_wconf 90' lang='lat' dir='ltr'><strong>illud</strong></span> <span class='ocrx_word' id='word_1_191' title='bbox 1194 1705 1322 1758; x_wconf 88' lang='lat' dir='ltr'><strong>lictorum</strong></span> <span class='ocrx_word' id='word_1_192' title='bbox 1348 1703 1402 1758; x_wconf 92' lang='lat' dir='ltr'><strong>sibi</strong></span> <span class='ocrx_word' id='word_1_193' title='bbox 1431 1722 1485 1758; x_wconf 92' lang='lat' dir='ltr'><strong>non</strong></span> <span class='ocrx_word' id='word_1_194' title='bbox 1511 1711 1577 1758; x_wconf 89' lang='lat' dir='ltr'><strong>sunt</strong></span> <span class='ocrx_word' id='word_1_195' title='bbox 1606 1707 1717 1761; x_wconf 88' lang='lat' dir='ltr'><strong>conscii.</strong></span> <span class='ocrx_word' id='word_1_196' title='bbox 1760 1708 1935 1778; x_wconf 88' lang='lat' dir='ltr'><strong>Augustinus</strong></span> <span class='ocrx_word' id='word_1_197' title='bbox 1958 1708 2030 1762; x_wconf 87' lang='lat' dir='ltr'><strong>hanc</strong></span> 
     </span>
     <span class='ocr_line' id='line_1_15' title="bbox 330 1790 2029 1863; baseline 0.001 -16"><span class='ocrx_word' id='word_1_198' title='bbox 330 1792 422 1847; x_wconf 86' lang='lat' dir='ltr'><strong>solum</strong></span> <span class='ocrx_word' id='word_1_199' title='bbox 446 1792 615 1862; x_wconf 87' lang='lat' dir='ltr'><strong>deponatur,</strong></span> <span class='ocrx_word' id='word_1_200' title='bbox 640 1792 714 1863; x_wconf 90' lang='lat' dir='ltr'><strong>quod</strong></span> <span class='ocrx_word' id='word_1_201' title='bbox 740 1791 831 1846; x_wconf 91' lang='lat' dir='ltr'><strong>oneris</strong></span> <span class='ocrx_word' id='word_1_202' title='bbox 849 1791 936 1845; x_wconf 88' lang='lat' dir='ltr'><strong>instar</strong></span> <span class='ocrx_word' id='word_1_203' title='bbox 952 1806 1003 1843; x_wconf 91' lang='lat' dir='ltr'><strong>nos</strong></span> <span class='ocrx_word' id='word_1_204' title='bbox 1021 1794 1120 1859; x_wconf 75' lang='lat' dir='ltr'><strong>gravtd</strong></span> <span class='ocrx_word' id='word_1_205' title='bbox 1137 1803 1170 1840; x_wconf 88' lang='lat' dir='ltr'><strong>ac</strong></span> <span class='ocrx_word' id='word_1_206' title='bbox 1196 1790 1360 1844; x_wconf 83' lang='lat' dir='ltr'><strong>sententiam</strong></span> <span class='ocrx_word' id='word_1_207' title='bbox 1377 1808 1433 1844; x_wconf 93' lang='lat' dir='ltr'><strong>non</strong></span> <span class='ocrx_word' id='word_1_208' title='bbox 1449 1791 1538 1845; x_wconf 90' lang='lat' dir='ltr'><strong>solum</strong></span> <span class='ocrx_word' id='word_1_209' title='bbox 1554 1792 1590 1845; x_wconf 87' lang='lat' dir='ltr'><strong>ad</strong></span> <span class='ocrx_word' id='word_1_210' title='bbox 1604 1793 1725 1846; x_wconf 88' lang='lat' dir='ltr'><strong>actualia</strong></span> <span class='ocrx_word' id='word_1_211' title='bbox 1741 1801 1867 1862; x_wconf 89' lang='lat' dir='ltr'><strong>peccata,</strong></span> <span class='ocrx_word' id='word_1_212' title='bbox 1884 1795 2029 1848; x_wconf 87' lang='lat' dir='ltr'><strong>sedetiam</strong></span> 
     </span>
     <span class='ocr_line' id='line_1_16' title="bbox 329 1877 2027 1950; baseline 0.002 -19"><span class='ocrx_word' id='word_1_213' title='bbox 329 1877 439 1950; x_wconf 81' lang='lat' dir='ltr'><strong>premit</strong></span> <span class='ocrx_word' id='word_1_214' title='bbox 1196 1878 1232 1931; x_wconf 90' lang='lat' dir='ltr'><strong>ad</strong></span> <span class='ocrx_word' id='word_1_215' title='bbox 1250 1878 1357 1947; x_wconf 88' lang='lat' dir='ltr'><strong>peccati</strong></span> <span class='ocrx_word' id='word_1_216' title='bbox 1378 1877 1519 1947; x_wconf 87' lang='lat' dir='ltr'><strong>originalis</strong></span> <span class='ocrx_word' id='word_1_217' title='bbox 1539 1878 1670 1948; x_wconf 82' lang='lat' dir='ltr'><strong>reliquias</strong></span> <span class='ocrx_word' id='word_1_218' title='bbox 1693 1880 1722 1933; x_wconf 92' lang='lat' dir='ltr'><strong>in</strong></span> <span class='ocrx_word' id='word_1_219' title='bbox 1742 1881 1845 1934; x_wconf 89' lang='lat' dir='ltr'><strong>renatis</strong></span> <span class='ocrx_word' id='word_1_220' title='bbox 1864 1880 1965 1935; x_wconf 83' lang='lat' dir='ltr'><strong>diserte</strong></span> <span class='ocrx_word' id='word_1_221' title='bbox 1983 1898 2027 1935; x_wconf 92' lang='lat' dir='ltr'><strong>ac-</strong></span> 
     </span>
     <span class='ocr_line' id='line_1_17' title="bbox 257 1958 2030 2060; baseline 0.002 -42"><span class='ocrx_word' id='word_1_222' title='bbox 257 1966 318 2060; x_wconf 68' lang='lat'>11¹·-</span> <span class='ocrx_word' id='word_1_223' title='bbox 366 1971 408 2019; x_wconf 82' lang='grc'><strong>62.</strong></span> <span class='ocrx_word' id='word_1_224' title='bbox 447 1969 487 2019; x_wconf 94' lang='grc'>11.</span> <span class='ocrx_word' id='word_1_225' title='bbox 508 1963 605 2019; x_wconf 83' lang='lat' dir='ltr'><strong>Jacob.</strong></span> <span class='ocrx_word' id='word_1_226' title='bbox 628 1970 649 2030; x_wconf 89' lang='grc'>1,</span> <span class='ocrx_word' id='word_1_227' title='bbox 668 1981 693 2018; x_wconf 83' lang='lat' dir='ltr'><strong>r.</strong></span> <span class='ocrx_word' id='word_1_228' title='bbox 717 1967 760 2018; x_wconf 83' lang='lat' dir='ltr'><strong>ta:</strong></span> <span class='ocrx_word' id='word_1_229' title='bbox 792 1962 895 2015; x_wconf 84' lang='lat' dir='ltr'><strong>Gemuit</strong></span> <span class='ocrx_word' id='word_1_230' title='bbox 920 1979 972 2015; x_wconf 88' lang='lat' dir='ltr'><strong>nos</strong></span> <span class='ocrx_word' id='word_1_231' title='bbox 990 1963 1068 2014; x_wconf 89' lang='lat' dir='ltr'><strong>Deus</strong></span> <span class='ocrx_word' id='word_1_232' title='bbox 1086 1958 1168 2012; x_wconf 84' lang='lat' dir='ltr'><strong>verbo</strong></span> <span class='ocrx_word' id='word_1_233' title='bbox 1196 1963 1359 2018; x_wconf 85' lang='lat' dir='ltr'><strong>commodat.</strong></span> <span class='ocrx_word' id='word_1_234' title='bbox 1373 1963 1460 2033; x_wconf 84' lang='lat' dir='ltr'><strong>Epist.</strong></span> <span class='ocrx_word' id='word_1_235' title='bbox 1475 1969 1517 2019; x_wconf 85' lang='lat'><strong>29.</strong></span> <span class='ocrx_word' id='word_1_236' title='bbox 1535 1965 1572 2017; x_wconf 95' lang='lat' dir='ltr'><strong>ad</strong></span> <span class='ocrx_word' id='word_1_237' title='bbox 1582 1963 1758 2035; x_wconf 85' lang='lat' dir='ltr'><strong>Hieronym:</strong></span> <span class='ocrx_word' id='word_1_238' title='bbox 1780 1968 1847 2028; x_wconf 81' lang='lat' dir='ltr'><strong>Quis</strong></span> <span class='ocrx_word' id='word_1_239' title='bbox 1861 1968 1920 2020; x_wconf 89' lang='lat' dir='ltr'><strong>sine</strong></span> <span class='ocrx_word' id='word_1_240' title='bbox 1933 1969 2030 2036; x_wconf 77' lang='lat' dir='ltr'><strong>atiquo</strong></span> 
     </span>
     <span class='ocr_line' id='line_1_18' title="bbox 257 2046 2030 2124; baseline -0.002 -13"><span class='ocrx_word' id='word_1_241' title='bbox 257 2074 296 2111; x_wconf 75' lang='lat' dir='ltr'><strong>tn</strong></span> <span class='ocrx_word' id='word_1_242' title='bbox 330 2051 468 2119; x_wconf 63' lang='lat' dir='ltr'><strong>vernum,</strong></span> <span class='ocrx_word' id='word_1_243' title='bbox 488 2058 519 2102; x_wconf 83' lang='lat' dir='ltr'><strong>at</strong></span> <span class='ocrx_word' id='word_1_244' title='bbox 537 2067 656 2122; x_wconf 70' lang='lat' dir='ltr'><strong>asemas</strong></span> <span class='ocrx_word' id='word_1_245' title='bbox 673 2048 784 2102; x_wconf 79' lang='lat' dir='ltr'><strong>initium</strong></span> <span class='ocrx_word' id='word_1_246' title='bbox 803 2049 924 2117; x_wconf 74' lang='lat' dir='ltr'><strong>aliquod</strong></span> <span class='ocrx_word' id='word_1_247' title='bbox 939 2056 1087 2100; x_wconf 72' lang='lat' dir='ltr'><strong>menturae</strong></span> <span class='ocrx_word' id='word_1_248' title='bbox 1099 2046 1168 2113; x_wconf 80' lang='lat' dir='ltr'><strong>ejas.</strong></span> <span class='ocrx_word' id='word_1_249' title='bbox 1192 2053 1334 2118; x_wconf 61' lang='lat' dir='ltr'><strong>praestato.t</strong></span> <span class='ocrx_word' id='word_1_250' title='bbox 1355 2052 1417 2119; x_wconf 75' lang='lat' dir='ltr'><strong>puts</strong></span> <span class='ocrx_word' id='word_1_251' title='bbox 1436 2051 1495 2103; x_wconf 83' lang='lat' dir='ltr'><strong>sine</strong></span> <span class='ocrx_word' id='word_1_252' title='bbox 1515 2052 1612 2120; x_wconf 74' lang='lat' dir='ltr'><strong>atiquo</strong></span> <span class='ocrx_word' id='word_1_253' title='bbox 1630 2055 1708 2122; x_wconf 84' lang='lat' dir='ltr'><strong>m&#39;tto,</strong></span> <span class='ocrx_word' id='word_1_254' title='bbox 1728 2055 1760 2107; x_wconf 81' lang='lat' dir='ltr'><strong>td</strong></span> <span class='ocrx_word' id='word_1_255' title='bbox 1776 2062 1823 2117; x_wconf 78' lang='lat' dir='ltr'><strong>est,</strong></span> <span class='ocrx_word' id='word_1_256' title='bbox 1839 2056 1945 2122; x_wconf 77' lang='lat' dir='ltr'><strong>fomite</strong></span> <span class='ocrx_word' id='word_1_257' title='bbox 1964 2073 2030 2124; x_wconf 75' lang='lat' dir='ltr'><strong>quo-</strong></span> 
     </span>
     <span class='ocr_line' id='line_1_19' title="bbox 257 2123 2031 2216; baseline 0.002 -25"><span class='ocrx_word' id='word_1_258' title='bbox 257 2123 300 2216; x_wconf 51' lang='lat' dir='ltr'><strong>ff</strong></span> <span class='ocrx_word' id='word_1_259' title='bbox 330 2136 406 2208; x_wconf 83' lang='lat' dir='ltr'><strong>Ergo</strong></span> <span class='ocrx_word' id='word_1_260' title='bbox 425 2136 550 2191; x_wconf 91' lang='lat' dir='ltr'><strong>nondum</strong></span> <span class='ocrx_word' id='word_1_261' title='bbox 579 2153 674 2189; x_wconf 89' lang='lat' dir='ltr'><strong>sumus</strong></span> <span class='ocrx_word' id='word_1_262' title='bbox 698 2134 821 2205; x_wconf 67' lang='lat' dir='ltr'><strong>perfecte</strong></span> <span class='ocrx_word' id='word_1_263' title='bbox 847 2151 920 2188; x_wconf 88' lang='lat' dir='ltr'><strong>nova</strong></span> <span class='ocrx_word' id='word_1_264' title='bbox 948 2140 1089 2200; x_wconf 85' lang='lat' dir='ltr'><strong>creatura,</strong></span> <span class='ocrx_word' id='word_1_265' title='bbox 1120 2131 1167 2184; x_wconf 75' lang='lat' dir='ltr'><strong>sed</strong></span> <span class='ocrx_word' id='word_1_266' title='bbox 1196 2140 1263 2190; x_wconf 89' lang='lat' dir='ltr'><strong>dam</strong></span> <span class='ocrx_word' id='word_1_267' title='bbox 1280 2139 1324 2191; x_wconf 84' lang='lat' dir='ltr'><strong>oei</strong></span> <span class='ocrx_word' id='word_1_268' title='bbox 1341 2138 1424 2205; x_wconf 81' lang='lat' dir='ltr'><strong>quast</strong></span> <span class='ocrx_word' id='word_1_269' title='bbox 1440 2138 1499 2190; x_wconf 88' lang='lat' dir='ltr'><strong>sine</strong></span> <span class='ocrx_word' id='word_1_270' title='bbox 1517 2140 1614 2191; x_wconf 78' lang='lat' dir='ltr'><strong>radice</strong></span> <span class='ocrx_word' id='word_1_271' title='bbox 1628 2140 1749 2208; x_wconf 82' lang='lat' dir='ltr'><strong>peccati,</strong></span> <span class='ocrx_word' id='word_1_272' title='bbox 1769 2158 1830 2193; x_wconf 87' lang='lat' dir='ltr'><strong>cum</strong></span> <span class='ocrx_word' id='word_1_273' title='bbox 1849 2142 1962 2209; x_wconf 80' lang='lat' dir='ltr'><strong>clamet,</strong></span> <span class='ocrx_word' id='word_1_274' title='bbox 1981 2144 2031 2211; x_wconf 75' lang='lat' dir='ltr'><strong>qui</strong></span> 
     </span>
     <span class='ocr_line' id='line_1_20' title="bbox 257 2219 2060 2297; baseline 0.002 -19"><span class='ocrx_word' id='word_1_275' title='bbox 257 2254 261 2266; x_wconf 90' lang='lat'><strong>·</strong></span> <span class='ocrx_word' id='word_1_276' title='bbox 331 2223 468 2295; x_wconf 81' lang='lat' dir='ltr'><strong>reliquiae</strong></span> <span class='ocrx_word' id='word_1_277' title='bbox 488 2222 595 2293; x_wconf 89' lang='lat' dir='ltr'><strong>peccati</strong></span> <span class='ocrx_word' id='word_1_278' title='bbox 616 2221 708 2275; x_wconf 87' lang='lat' dir='ltr'><strong>inhac</strong></span> <span class='ocrx_word' id='word_1_279' title='bbox 721 2221 780 2275; x_wconf 81' lang='lat' dir='ltr'><strong>vita</strong></span> <span class='ocrx_word' id='word_1_280' title='bbox 798 2226 911 2274; x_wconf 89' lang='lat' dir='ltr'><strong>manent</strong></span> <span class='ocrx_word' id='word_1_281' title='bbox 928 2219 958 2273; x_wconf 90' lang='lat' dir='ltr'><strong>in</strong></span> <span class='ocrx_word' id='word_1_282' title='bbox 971 2236 1054 2273; x_wconf 90' lang='lat' dir='ltr'><strong>carne</strong></span> <span class='ocrx_word' id='word_1_283' title='bbox 1067 2222 1168 2272; x_wconf 83' lang='lat' dir='ltr'><strong>nostra.</strong></span> <span class='ocrx_word' id='word_1_284' title='bbox 1195 2242 1284 2292; x_wconf 82' lang='lat' dir='ltr'><strong>supra</strong></span> <span class='ocrx_word' id='word_1_285' title='bbox 1310 2232 1411 2292; x_wconf 84' lang='lat' dir='ltr'><strong>pectus</strong></span> <span class='ocrx_word' id='word_1_286' title='bbox 1440 2225 1560 2277; x_wconf 86' lang='lat' dir='ltr'><strong>Domini</strong></span> <span class='ocrx_word' id='word_1_287' title='bbox 1588 2227 1777 2294; x_wconf 81' lang='lat' dir='ltr'><strong>recumbebat;</strong></span> <span class='ocrx_word' id='word_1_288' title='bbox 1811 2227 1838 2278; x_wconf 87' lang='lat' dir='ltr'><strong>si</strong></span> <span class='ocrx_word' id='word_1_289' title='bbox 1867 2229 2030 2297; x_wconf 79' lang='lat' dir='ltr'><strong>districtus,</strong></span> <span class='ocrx_word' id='word_1_290' title='bbox 2056 2221 2060 2227; x_wconf 84' lang='grc'><em>’</em></span> 
     </span>
     <span class='ocr_line' id='line_1_21' title="bbox 330 2306 2028 2381; baseline 0.002 -17"><span class='ocrx_word' id='word_1_291' title='bbox 330 2309 444 2381; x_wconf 84' lang='lat' dir='ltr'><strong>Excipit</strong></span> <span class='ocrx_word' id='word_1_292' title='bbox 463 2309 661 2376; x_wconf 86' lang='lat' dir='ltr'><strong>Bellarminua‚</strong></span> <span class='ocrx_word' id='word_1_293' title='bbox 687 2315 708 2361; x_wconf 85' lang='lat'><strong>1.</strong></span> <span class='ocrx_word' id='word_1_294' title='bbox 728 2309 880 2361; x_wconf 78' lang='lat' dir='ltr'><strong>Latiarum</strong></span> <span class='ocrx_word' id='word_1_295' title='bbox 899 2308 1024 2376; x_wconf 83' lang='lat' dir='ltr'><strong>imperite</strong></span> <span class='ocrx_word' id='word_1_296' title='bbox 1039 2306 1167 2374; x_wconf 76' lang='lat' dir='ltr'><strong>philoso-</strong></span> <span class='ocrx_word' id='word_1_297' title='bbox 1196 2309 1264 2378; x_wconf 74' lang='lat' dir='ltr'><strong>quia</strong></span> <span class='ocrx_word' id='word_1_298' title='bbox 1283 2318 1429 2378; x_wconf 84' lang='lat' dir='ltr'><strong>peccatum</strong></span> <span class='ocrx_word' id='word_1_299' title='bbox 1453 2311 1671 2374; x_wconf 76' lang='lat' dir='ltr'><strong>mandabamus,</strong></span> <span class='ocrx_word' id='word_1_300' title='bbox 1698 2326 1749 2364; x_wconf 88' lang='lat' dir='ltr'><strong>nos</strong></span> <span class='ocrx_word' id='word_1_301' title='bbox 1769 2311 1846 2380; x_wconf 83' lang='lat' dir='ltr'><strong>ipsos</strong></span> <span class='ocrx_word' id='word_1_302' title='bbox 1863 2314 2028 2367; x_wconf 78' lang='lat' dir='ltr'><strong>sedstcimus.</strong></span> 
     </span>
     <span class='ocr_line' id='line_1_22' title="bbox 326 2383 2028 2468; baseline 0.002 -19"><span class='ocrx_word' id='word_1_303' title='bbox 326 2397 429 2467; x_wconf 83' lang='lat' dir='ltr'><strong>plari,</strong></span> <span class='ocrx_word' id='word_1_304' title='bbox 449 2398 527 2464; x_wconf 77' lang='lat' dir='ltr'><strong>qaod</strong></span> <span class='ocrx_word' id='word_1_305' title='bbox 544 2397 608 2450; x_wconf 88' lang='lat' dir='ltr'><strong>idea</strong></span> <span class='ocrx_word' id='word_1_306' title='bbox 625 2397 754 2448; x_wconf 85' lang='lat' dir='ltr'><strong>dicamur</strong></span> <span class='ocrx_word' id='word_1_307' title='bbox 773 2396 897 2462; x_wconf 86' lang='lat' dir='ltr'><strong>initium,</strong></span> <span class='ocrx_word' id='word_1_308' title='bbox 918 2383 989 2463; x_wconf 64' lang='lat' dir='ltr'><strong>&#39;quia</strong></span> <span class='ocrx_word' id='word_1_309' title='bbox 1006 2393 1168 2462; x_wconf 77' lang='lat' dir='ltr'><strong>imperfecte</strong></span> <span class='ocrx_word' id='word_1_310' title='bbox 1195 2395 1266 2448; x_wconf 92' lang='lat' dir='ltr'><strong>libro</strong></span> <span class='ocrx_word' id='word_1_311' title='bbox 1278 2401 1301 2449; x_wconf 82' lang='lat' dir='ltr'><strong>t.</strong></span> <span class='ocrx_word' id='word_1_312' title='bbox 1324 2401 1421 2448; x_wconf 87' lang='lat' dir='ltr'><strong>contra</strong></span> <span class='ocrx_word' id='word_1_313' title='bbox 1441 2395 1510 2448; x_wconf 86' lang='lat' dir='ltr'><strong>duas</strong></span> <span class='ocrx_word' id='word_1_314' title='bbox 1529 2397 1608 2465; x_wconf 90' lang='lat' dir='ltr'><strong>epist.</strong></span> <span class='ocrx_word' id='word_1_315' title='bbox 1627 2396 1722 2468; x_wconf 88' lang='lat' dir='ltr'><strong>Pelag.</strong></span> <span class='ocrx_word' id='word_1_316' title='bbox 1741 2415 1764 2452; x_wconf 93' lang='lat' dir='ltr'><strong>c.</strong></span> <span class='ocrx_word' id='word_1_317' title='bbox 1787 2404 1827 2454; x_wconf 86' lang='lat'><strong>10.</strong></span> <span class='ocrx_word' id='word_1_318' title='bbox 1846 2403 1926 2453; x_wconf 87' lang='lat' dir='ltr'><strong>tract.</strong></span> <span class='ocrx_word' id='word_1_319' title='bbox 1939 2406 1981 2454; x_wconf 85' lang='lat' dir='ltr'><strong>tt.</strong></span> <span class='ocrx_word' id='word_1_320' title='bbox 1998 2399 2028 2452; x_wconf 94' lang='lat' dir='ltr'><strong>in</strong></span> 
     </span>
     <span class='ocr_line' id='line_1_23' title="bbox 324 2478 2029 2553; baseline -0.001 -16"><span class='ocrx_word' id='word_1_321' title='bbox 324 2485 524 2553; x_wconf 73' lang='lat' dir='ltr'><strong>justificemur,</strong></span> <span class='ocrx_word' id='word_1_322' title='bbox 543 2491 569 2536; x_wconf 87' lang='lat' dir='ltr'><strong>st</strong></span> <span class='ocrx_word' id='word_1_323' title='bbox 587 2499 697 2550; x_wconf 83' lang='lat' dir='ltr'><strong>semper</strong></span> <span class='ocrx_word' id='word_1_324' title='bbox 715 2483 813 2549; x_wconf 80' lang='lat' dir='ltr'><strong>aliqua</strong></span> <span class='ocrx_word' id='word_1_325' title='bbox 831 2498 865 2534; x_wconf 78' lang='lat' dir='ltr'><strong>ea</strong></span> <span class='ocrx_word' id='word_1_326' title='bbox 877 2489 963 2549; x_wconf 83' lang='lat' dir='ltr'><strong>parts</strong></span> <span class='ocrx_word' id='word_1_327' title='bbox 974 2486 1121 2549; x_wconf 77' lang='lat' dir='ltr'><strong>peccatum</strong></span> <span class='ocrx_word' id='word_1_328' title='bbox 1138 2478 1166 2529; x_wconf 77' lang='lat' dir='ltr'><strong>in</strong></span> <span class='ocrx_word' id='word_1_329' title='bbox 1193 2480 1257 2536; x_wconf 83' lang='lat' dir='ltr'><strong>Joh.</strong></span> <span class='ocrx_word' id='word_1_330' title='bbox 1280 2488 1330 2536; x_wconf 88' lang='lat' dir='ltr'><strong>etc.</strong></span> <span class='ocrx_word' id='word_1_331' title='bbox 1350 2486 1374 2535; x_wconf 81' lang='grc'><strong>2.</strong></span> <span class='ocrx_word' id='word_1_332' title='bbox 1393 2481 1473 2535; x_wconf 86' lang='lat' dir='ltr'><strong>addit</strong></span> <span class='ocrx_word' id='word_1_333' title='bbox 1489 2483 1675 2537; x_wconf 89' lang='lat' dir='ltr'><strong>Bellarminus</strong></span> <span class='ocrx_word' id='word_1_334' title='bbox 1688 2500 1774 2552; x_wconf 84' lang='lat' dir='ltr'><strong>posse</strong></span> <span class='ocrx_word' id='word_1_335' title='bbox 1787 2486 1863 2553; x_wconf 86' lang='lat' dir='ltr'><strong>fieri,</strong></span> <span class='ocrx_word' id='word_1_336' title='bbox 1881 2494 1910 2537; x_wconf 89' lang='lat' dir='ltr'><strong>ut</strong></span> <span class='ocrx_word' id='word_1_337' title='bbox 1929 2484 2029 2538; x_wconf 83' lang='lat' dir='ltr'><strong>saitem</strong></span> 
     </span>
     <span class='ocr_line' id='line_1_24' title="bbox 330 2566 2031 2639; baseline 0 -16"><span class='ocrx_word' id='word_1_338' title='bbox 330 2571 410 2624; x_wconf 79' lang='lat' dir='ltr'><strong>nabis</strong></span> <span class='ocrx_word' id='word_1_339' title='bbox 428 2576 548 2624; x_wconf 86' lang='lat' dir='ltr'><strong>mancat.</strong></span> <span class='ocrx_word' id='word_1_340' title='bbox 584 2568 804 2639; x_wconf 86' lang='lat' dir='ltr'><strong>Respondemus:</strong></span> <span class='ocrx_word' id='word_1_341' title='bbox 829 2566 953 2620; x_wconf 79' lang='lat' dir='ltr'><strong>Eridcns</strong></span> <span class='ocrx_word' id='word_1_342' title='bbox 972 2566 1041 2621; x_wconf 89' lang='lat' dir='ltr'><strong>haec</strong></span> <span class='ocrx_word' id='word_1_343' title='bbox 1061 2571 1103 2617; x_wconf 92' lang='lat' dir='ltr'><strong>est</strong></span> <span class='ocrx_word' id='word_1_344' title='bbox 1123 2579 1167 2616; x_wconf 83' lang='lat' dir='ltr'><strong>ca·</strong></span> <span class='ocrx_word' id='word_1_345' title='bbox 1195 2569 1236 2620; x_wconf 89' lang='lat' dir='ltr'><strong>ad</strong></span> <span class='ocrx_word' id='word_1_346' title='bbox 1252 2568 1331 2620; x_wconf 61' lang='lat' dir='ltr'><strong>beve</strong></span> <span class='ocrx_word' id='word_1_347' title='bbox 1348 2576 1455 2636; x_wconf 80' lang='lat' dir='ltr'><strong>tempus</strong></span> <span class='ocrx_word' id='word_1_348' title='bbox 1472 2577 1569 2621; x_wconf 85' lang='lat' dir='ltr'><strong>careat</strong></span> <span class='ocrx_word' id='word_1_349' title='bbox 1589 2569 1693 2637; x_wconf 71' lang='lat' dir='ltr'><strong>alianis</strong></span> <span class='ocrx_word' id='word_1_350' title='bbox 1714 2570 1790 2623; x_wconf 90' lang='lat' dir='ltr'><strong>omni</strong></span> <span class='ocrx_word' id='word_1_351' title='bbox 1807 2579 1926 2639; x_wconf 82' lang='lat' dir='ltr'><strong>peccato</strong></span> <span class='ocrx_word' id='word_1_352' title='bbox 1945 2572 2031 2623; x_wconf 89' lang='lat' dir='ltr'><strong>etiam</strong></span> 
     </span>
     <span class='ocr_line' id='line_1_25' title="bbox 330 2651 2031 2726; baseline -0.002 -15"><span class='ocrx_word' id='word_1_353' title='bbox 330 2656 452 2726; x_wconf 80' lang='lat' dir='ltr'><strong>lumnia3</strong></span> <span class='ocrx_word' id='word_1_354' title='bbox 468 2655 596 2726; x_wconf 83' lang='lat' dir='ltr'><strong>nuspiam</strong></span> <span class='ocrx_word' id='word_1_355' title='bbox 618 2656 686 2710; x_wconf 91' lang='lat' dir='ltr'><strong>dicit</strong></span> <span class='ocrx_word' id='word_1_356' title='bbox 702 2654 855 2717; x_wconf 87' lang='lat' dir='ltr'><strong>Lutherus‚</strong></span> <span class='ocrx_word' id='word_1_357' title='bbox 876 2670 927 2707; x_wconf 92' lang='lat' dir='ltr'><strong>nos</strong></span> <span class='ocrx_word' id='word_1_358' title='bbox 946 2652 1107 2723; x_wconf 85' lang='lat' dir='ltr'><strong>imperfecte</strong></span> <span class='ocrx_word' id='word_1_359' title='bbox 1122 2651 1168 2720; x_wconf 85' lang='lat' dir='ltr'><strong>jn·</strong></span> <span class='ocrx_word' id='word_1_360' title='bbox 1194 2654 1308 2722; x_wconf 84' lang='lat' dir='ltr'><strong>veniali,</strong></span> <span class='ocrx_word' id='word_1_361' title='bbox 1327 2662 1352 2707; x_wconf 90' lang='lat' dir='ltr'><strong>et</strong></span> <span class='ocrx_word' id='word_1_362' title='bbox 1370 2662 1462 2706; x_wconf 88' lang='lat' dir='ltr'><strong>tamen</strong></span> <span class='ocrx_word' id='word_1_363' title='bbox 1475 2655 1543 2723; x_wconf 73' lang='lat' dir='ltr'><strong>quia</strong></span> <span class='ocrx_word' id='word_1_364' title='bbox 1557 2672 1619 2708; x_wconf 85' lang='lat' dir='ltr'><strong>vere</strong></span> <span class='ocrx_word' id='word_1_365' title='bbox 1631 2655 1703 2708; x_wconf 84' lang='lat' dir='ltr'><strong>dicit</strong></span> <span class='ocrx_word' id='word_1_366' title='bbox 1718 2654 1783 2710; x_wconf 80' lang='lat' dir='ltr'><strong>tob.</strong></span> <span class='ocrx_word' id='word_1_367' title='bbox 1802 2672 1825 2710; x_wconf 91' lang='lat' dir='ltr'><strong>c.</strong></span> <span class='ocrx_word' id='word_1_368' title='bbox 1840 2663 1870 2711; x_wconf 85' lang='lat'><strong>9:</strong></span> <span class='ocrx_word' id='word_1_369' title='bbox 1889 2656 1923 2709; x_wconf 83' lang='lat' dir='ltr'><strong>Si</strong></span> <span class='ocrx_word' id='word_1_370' title='bbox 1935 2659 2031 2725; x_wconf 85' lang='lat' dir='ltr'><strong>justus</strong></span> 
     </span>
     <span class='ocr_line' id='line_1_26' title="bbox 331 2736 2031 2811; baseline -0.001 -14"><span class='ocrx_word' id='word_1_371' title='bbox 331 2742 460 2811; x_wconf 82' lang='lat' dir='ltr'><strong>stiiicari,</strong></span> <span class='ocrx_word' id='word_1_372' title='bbox 491 2743 541 2798; x_wconf 87' lang='lat' dir='ltr'><strong>sed</strong></span> <span class='ocrx_word' id='word_1_373' title='bbox 568 2742 757 2797; x_wconf 88' lang='lat' dir='ltr'><strong>inhaerentem</strong></span> <span class='ocrx_word' id='word_1_374' title='bbox 787 2740 924 2810; x_wconf 88' lang='lat' dir='ltr'><strong>justitiam</strong></span> <span class='ocrx_word' id='word_1_375' title='bbox 951 2747 1074 2793; x_wconf 91' lang='lat' dir='ltr'><strong>nostram</strong></span> <span class='ocrx_word' id='word_1_376' title='bbox 1101 2736 1168 2790; x_wconf 93' lang='lat' dir='ltr'><strong>dicit</strong></span> <span class='ocrx_word' id='word_1_377' title='bbox 1195 2741 1287 2808; x_wconf 66' lang='lat' dir='ltr'><strong>fumo,</strong></span> <span class='ocrx_word' id='word_1_378' title='bbox 1305 2740 1357 2792; x_wconf 80' lang='lat' dir='ltr'><strong>hoc</strong></span> <span class='ocrx_word' id='word_1_379' title='bbox 1374 2740 1467 2809; x_wconf 79' lang='lat' dir='ltr'><strong>ipsssm</strong></span> <span class='ocrx_word' id='word_1_380' title='bbox 1486 2740 1627 2806; x_wconf 74' lang='lat' dir='ltr'><strong>ignorabit</strong></span> <span class='ocrx_word' id='word_1_381' title='bbox 1646 2741 1742 2793; x_wconf 88' lang='lat' dir='ltr'><strong>anima</strong></span> <span class='ocrx_word' id='word_1_382' title='bbox 1759 2758 1835 2804; x_wconf 85' lang='lat' dir='ltr'><strong>mea,</strong></span> <span class='ocrx_word' id='word_1_383' title='bbox 1861 2743 1926 2795; x_wconf 88' lang='lat' dir='ltr'><strong>ideo</strong></span> <span class='ocrx_word' id='word_1_384' title='bbox 1948 2744 1983 2795; x_wconf 83' lang='lat' dir='ltr'><strong>de</strong></span> <span class='ocrx_word' id='word_1_385' title='bbox 2001 2757 2031 2795; x_wconf 83' lang='lat' dir='ltr'><strong>se</strong></span> 
     </span>
     <span class='ocr_line' id='line_1_27' title="bbox 330 2816 2031 2900; baseline -0.002 -17"><span class='ocrx_word' id='word_1_386' title='bbox 330 2816 524 2900; x_wconf 60' lang='lat' dir='ltr'><strong>imperfectam</strong></span> <span class='ocrx_word' id='word_1_387' title='bbox 534 2846 594 2884; x_wconf 86' lang='lat' dir='ltr'><strong>esse</strong></span> <span class='ocrx_word' id='word_1_388' title='bbox 606 2835 720 2900; x_wconf 86' lang='lat' dir='ltr'><strong>propter</strong></span> <span class='ocrx_word' id='word_1_389' title='bbox 730 2827 882 2894; x_wconf 78' lang='lat' dir='ltr'><strong>adhaerens</strong></span> <span class='ocrx_word' id='word_1_390' title='bbox 894 2833 1048 2897; x_wconf 86' lang='lat' dir='ltr'><strong>peccatum.</strong></span> <span class='ocrx_word' id='word_1_391' title='bbox 1073 2827 1098 2877; x_wconf 85' lang='lat'><strong>2.</strong></span> <span class='ocrx_word' id='word_1_392' title='bbox 1115 2824 1166 2877; x_wconf 89' lang='lat' dir='ltr'><strong>Vo-</strong></span> <span class='ocrx_word' id='word_1_393' title='bbox 1195 2827 1256 2894; x_wconf 84' lang='lat' dir='ltr'><strong>ipso</strong></span> <span class='ocrx_word' id='word_1_394' title='bbox 1275 2843 1353 2879; x_wconf 89' lang='lat' dir='ltr'><strong>nemo</strong></span> <span class='ocrx_word' id='word_1_395' title='bbox 1366 2827 1514 2893; x_wconf 81' lang='lat' dir='ltr'><strong>affirmare</strong></span> <span class='ocrx_word' id='word_1_396' title='bbox 1528 2834 1631 2896; x_wconf 80' lang='lat' dir='ltr'><strong>potest,</strong></span> <span class='ocrx_word' id='word_1_397' title='bbox 1649 2844 1678 2880; x_wconf 91' lang='lat' dir='ltr'><strong>se</strong></span> <span class='ocrx_word' id='word_1_398' title='bbox 1690 2845 1745 2880; x_wconf 85' lang='lat' dir='ltr'><strong>nan</strong></span> <span class='ocrx_word' id='word_1_399' title='bbox 1761 2828 1861 2880; x_wconf 79' lang='lat' dir='ltr'><strong>tatere</strong></span> <span class='ocrx_word' id='word_1_400' title='bbox 1874 2835 2031 2897; x_wconf 81' lang='lat' dir='ltr'><strong>peccatum,</strong></span> 
     </span>
     <span class='ocr_line' id='line_1_28' title="bbox 330 2911 2030 2988; baseline -0.002 -17"><span class='ocrx_word' id='word_1_401' title='bbox 330 2934 388 2971; x_wconf 82' lang='lat' dir='ltr'><strong>scm</strong></span> <span class='ocrx_word' id='word_1_402' title='bbox 411 2915 543 2988; x_wconf 74' lang='grc' dir='ltr'><strong>ἀπαρχὴν</strong></span> <span class='ocrx_word' id='word_1_403' title='bbox 567 2934 624 2970; x_wconf 88' lang='lat' dir='ltr'><strong>non</strong></span> <span class='ocrx_word' id='word_1_404' title='bbox 646 2917 807 2984; x_wconf 69' lang='lat' dir='ltr'><strong>significare</strong></span> <span class='ocrx_word' id='word_1_405' title='bbox 834 2913 957 2981; x_wconf 86' lang='lat' dir='ltr'><strong>initium,</strong></span> <span class='ocrx_word' id='word_1_406' title='bbox 988 2915 1038 2965; x_wconf 88' lang='lat' dir='ltr'><strong>sed</strong></span> <span class='ocrx_word' id='word_1_407' title='bbox 1057 2911 1166 2979; x_wconf 86' lang='lat' dir='ltr'><strong>prima-</strong></span> <span class='ocrx_word' id='word_1_408' title='bbox 1194 2929 1281 2980; x_wconf 78' lang='lat' dir='ltr'><strong>qtsare</strong></span> <span class='ocrx_word' id='word_1_409' title='bbox 1299 2921 1373 2966; x_wconf 89' lang='lat' dir='ltr'><strong>recte</strong></span> <span class='ocrx_word' id='word_1_410' title='bbox 1386 2914 1532 2967; x_wconf 71' lang='lat' dir='ltr'><strong>lohannes</strong></span> <span class='ocrx_word' id='word_1_411' title='bbox 1545 2931 1599 2967; x_wconf 89' lang='lat' dir='ltr'><strong>non</strong></span> <span class='ocrx_word' id='word_1_412' title='bbox 1611 2914 1669 2983; x_wconf 87' lang='lat' dir='ltr'><strong>ait,·</strong></span> <span class='ocrx_word' id='word_1_413' title='bbox 1688 2915 1714 2966; x_wconf 87' lang='lat' dir='ltr'><strong>si</strong></span> <span class='ocrx_word' id='word_1_414' title='bbox 1726 2915 1887 2981; x_wconf 76' lang='lat' dir='ltr'><strong>disserimus,</strong></span> <span class='ocrx_word' id='word_1_415' title='bbox 1906 2914 2030 2983; x_wconf 69' lang='lat' dir='ltr'><strong>aliorsum</strong></span> 
     </span>
     <span class='ocr_line' id='line_1_29' title="bbox 329 2997 2030 3073; baseline -0.002 -16"><span class='ocrx_word' id='word_1_416' title='bbox 329 3003 404 3057; x_wconf 82' lang='lat' dir='ltr'><strong>rium</strong></span> <span class='ocrx_word' id='word_1_417' title='bbox 431 3021 466 3057; x_wconf 81' lang='lat' dir='ltr'><strong>aa</strong></span> <span class='ocrx_word' id='word_1_418' title='bbox 486 3004 686 3073; x_wconf 69' lang='lat' dir='ltr'><strong>praeapuam,</strong></span> <span class='ocrx_word' id='word_1_419' title='bbox 706 3002 831 3070; x_wconf 80' lang='lat' dir='ltr'><strong>proinde</strong></span> <span class='ocrx_word' id='word_1_420' title='bbox 854 3000 993 3053; x_wconf 82' lang='lat' dir='ltr'><strong>Jasotnn</strong></span> <span class='ocrx_word' id='word_1_421' title='bbox 1016 2999 1068 3050; x_wconf 78' lang='lat' dir='ltr'><strong>boc</strong></span> <span class='ocrx_word' id='word_1_422' title='bbox 1088 2997 1167 3062; x_wconf 82' lang='lat' dir='ltr'><strong>uelis,</strong></span> <span class='ocrx_word' id='word_1_423' title='bbox 1193 3016 1249 3049; x_wconf 84' lang='lat' dir='ltr'><strong>nan</strong></span> <span class='ocrx_word' id='word_1_424' title='bbox 1267 2998 1370 3051; x_wconf 81' lang='lat' dir='ltr'><strong>habere</strong></span> <span class='ocrx_word' id='word_1_425' title='bbox 1385 3007 1548 3068; x_wconf 80' lang='lat' dir='ltr'><strong>peccatum,</strong></span> <span class='ocrx_word' id='word_1_426' title='bbox 1573 3001 1626 3051; x_wconf 86' lang='lat' dir='ltr'><strong>sed</strong></span> <span class='ocrx_word' id='word_1_427' title='bbox 1648 3001 1675 3052; x_wconf 82' lang='lat' dir='ltr'><strong>si</strong></span> <span class='ocrx_word' id='word_1_428' title='bbox 1692 3000 1857 3067; x_wconf 62' lang='lat' dir='ltr'><strong>dicedrnus,</strong></span> <span class='ocrx_word' id='word_1_429' title='bbox 1888 2999 1956 3068; x_wconf 77' lang='lat' dir='ltr'><strong>qrtia</strong></span> <span class='ocrx_word' id='word_1_430' title='bbox 1979 3016 2030 3053; x_wconf 90' lang='lat' dir='ltr'><strong>nos</strong></span> 
     </span>
     <span class='ocr_line' id='line_1_30' title="bbox 330 3084 2030 3159; baseline -0.002 -16"><span class='ocrx_word' id='word_1_431' title='bbox 330 3091 408 3159; x_wconf 72' lang='lat' dir='ltr'><strong>quod</strong></span> <span class='ocrx_word' id='word_1_432' title='bbox 425 3090 519 3143; x_wconf 69' lang='lat' dir='ltr'><strong>sandi</strong></span> <span class='ocrx_word' id='word_1_433' title='bbox 534 3090 588 3142; x_wconf 87' lang='lat' dir='ltr'><strong>sint</strong></span> <span class='ocrx_word' id='word_1_434' title='bbox 603 3088 761 3158; x_wconf 76' lang='lat' dir='ltr'><strong>primitiae,</strong></span> <span class='ocrx_word' id='word_1_435' title='bbox 787 3087 805 3140; x_wconf 87' lang='lat' dir='ltr'><strong>i.</strong></span> <span class='ocrx_word' id='word_1_436' title='bbox 826 3103 848 3139; x_wconf 87' lang='lat' dir='ltr'><strong>e.</strong></span> <span class='ocrx_word' id='word_1_437' title='bbox 869 3084 1164 3154; x_wconf 67' lang='lat' dir='ltr'><strong>parspert&#39;sctisst&#39;ma</strong></span> <span class='ocrx_word' id='word_1_438' title='bbox 1194 3102 1249 3138; x_wconf 91' lang='lat' dir='ltr'><strong>non</strong></span> <span class='ocrx_word' id='word_1_439' title='bbox 1267 3086 1398 3138; x_wconf 81' lang='lat' dir='ltr'><strong>babemus</strong></span> <span class='ocrx_word' id='word_1_440' title='bbox 1413 3093 1568 3154; x_wconf 80' lang='lat' dir='ltr'><strong>peccatum.</strong></span> <span class='ocrx_word' id='word_1_441' title='bbox 1605 3084 1828 3155; x_wconf 87' lang='lat' dir='ltr'><strong>Respondemus:</strong></span> <span class='ocrx_word' id='word_1_442' title='bbox 1859 3084 1941 3139; x_wconf 88' lang='lat' dir='ltr'><strong>Omni</strong></span> <span class='ocrx_word' id='word_1_443' title='bbox 1962 3092 2030 3140; x_wconf 90' lang='lat' dir='ltr'><strong>tem·</strong></span> 
     </span>
     <span class='ocr_line' id='line_1_31' title="bbox 330 3169 2031 3244; baseline -0.001 -16"><span class='ocrx_word' id='word_1_444' title='bbox 330 3185 488 3230; x_wconf 81' lang='lat' dir='ltr'><strong>creaturae.</strong></span> <span class='ocrx_word' id='word_1_445' title='bbox 539 3175 762 3244; x_wconf 86' lang='lat' dir='ltr'><strong>Respondemus:</strong></span> <span class='ocrx_word' id='word_1_446' title='bbox 801 3171 970 3226; x_wconf 87' lang='lat' dir='ltr'><strong>anathemati</strong></span> <span class='ocrx_word' id='word_1_447' title='bbox 1001 3169 1165 3223; x_wconf 89' lang='lat' dir='ltr'><strong>Tridentino</strong></span> <span class='ocrx_word' id='word_1_448' title='bbox 1195 3188 1264 3240; x_wconf 91' lang='lat' dir='ltr'><strong>pore</strong></span> <span class='ocrx_word' id='word_1_449' title='bbox 1289 3177 1318 3226; x_wconf 90' lang='lat' dir='ltr'><strong>et</strong></span> <span class='ocrx_word' id='word_1_450' title='bbox 1344 3172 1379 3225; x_wconf 90' lang='lat' dir='ltr'><strong>de</strong></span> <span class='ocrx_word' id='word_1_451' title='bbox 1405 3171 1533 3226; x_wconf 89' lang='lat' dir='ltr'><strong>omnibus</strong></span> <span class='ocrx_word' id='word_1_452' title='bbox 1560 3171 1671 3226; x_wconf 91' lang='lat' dir='ltr'><strong>omnino</strong></span> <span class='ocrx_word' id='word_1_453' title='bbox 1699 3171 1803 3225; x_wconf 87' lang='lat' dir='ltr'><strong>sanctis</strong></span> <span class='ocrx_word' id='word_1_454' title='bbox 1827 3172 1971 3227; x_wconf 87' lang='lat' dir='ltr'><strong>verissima</strong></span> <span class='ocrx_word' id='word_1_455' title='bbox 1989 3179 2031 3227; x_wconf 86' lang='lat' dir='ltr'><strong>est</strong></span> 
     </span>
     <span class='ocr_line' id='line_1_32' title="bbox 329 3254 2029 3328; baseline -0.002 -12"><span class='ocrx_word' id='word_1_456' title='bbox 329 3262 480 3318; x_wconf 89' lang='lat' dir='ltr'><strong>obnoxium</strong></span> <span class='ocrx_word' id='word_1_457' title='bbox 502 3278 561 3316; x_wconf 86' lang='lat' dir='ltr'><strong>sese</strong></span> <span class='ocrx_word' id='word_1_458' title='bbox 580 3260 766 3315; x_wconf 88' lang='lat' dir='ltr'><strong>Bellarmiuus</strong></span> <span class='ocrx_word' id='word_1_459' title='bbox 784 3259 889 3326; x_wconf 90' lang='lat' dir='ltr'><strong>reddit,</strong></span> <span class='ocrx_word' id='word_1_460' title='bbox 908 3257 1053 3311; x_wconf 84' lang='lat' dir='ltr'><strong>discedens</strong></span> <span class='ocrx_word' id='word_1_461' title='bbox 1072 3271 1090 3308; x_wconf 91' lang='lat' dir='ltr'><strong>a</strong></span> <span class='ocrx_word' id='word_1_462' title='bbox 1106 3254 1165 3306; x_wconf 84' lang='lat' dir='ltr'><strong>vul·</strong></span> <span class='ocrx_word' id='word_1_463' title='bbox 1193 3258 1240 3313; x_wconf 92' lang='lat' dir='ltr'><strong>illa</strong></span> <span class='ocrx_word' id='word_1_464' title='bbox 1258 3258 1412 3328; x_wconf 88' lang='lat' dir='ltr'><strong>apostolica</strong></span> <span class='ocrx_word' id='word_1_465' title='bbox 1430 3258 1575 3314; x_wconf 86' lang='lat' dir='ltr'><strong>sententia.</strong></span> <span class='ocrx_word' id='word_1_466' title='bbox 1613 3259 1648 3313; x_wconf 79' lang='lat' dir='ltr'><strong>st</strong></span> <span class='ocrx_word' id='word_1_467' title='bbox 1665 3259 1826 3328; x_wconf 70' lang='lat' dir='ltr'><strong>dicet-imus,</strong></span> <span class='ocrx_word' id='word_1_468' title='bbox 1845 3260 1914 3328; x_wconf 74' lang='lat' dir='ltr'><strong>quia</strong></span> <span class='ocrx_word' id='word_1_469' title='bbox 1927 3276 2029 3328; x_wconf 84' lang='lat' dir='ltr'><strong>pecca-</strong></span> 
     </span>
     <span class='ocr_line' id='line_1_33' title="bbox 328 3342 2028 3421; baseline -0.001 -18"><span class='ocrx_word' id='word_1_470' title='bbox 328 3356 397 3421; x_wconf 83' lang='lat' dir='ltr'><strong>gata</strong></span> <span class='ocrx_word' id='word_1_471' title='bbox 414 3349 549 3404; x_wconf 80' lang='lat' dir='ltr'><strong>versione.</strong></span> <span class='ocrx_word' id='word_1_472' title='bbox 586 3347 788 3419; x_wconf 88' lang='lat' dir='ltr'><strong>Conjungimus</strong></span> <span class='ocrx_word' id='word_1_473' title='bbox 807 3363 857 3400; x_wconf 87' lang='lat' dir='ltr'><strong>nos</strong></span> <span class='ocrx_word' id='word_1_474' title='bbox 880 3344 945 3397; x_wconf 89' lang='lat' dir='ltr'><strong>huic</strong></span> <span class='ocrx_word' id='word_1_475' title='bbox 961 3345 1022 3397; x_wconf 91' lang='lat' dir='ltr'><strong>loco</strong></span> <span class='ocrx_word' id='word_1_476' title='bbox 1041 3342 1120 3397; x_wconf 87' lang='lat' dir='ltr'><strong>Rom.</strong></span> <span class='ocrx_word' id='word_1_477' title='bbox 1141 3346 1166 3408; x_wconf 84' lang='grc'><strong>8,</strong></span> <span class='ocrx_word' id='word_1_478' title='bbox 1194 3354 1251 3397; x_wconf 87' lang='lat' dir='ltr'><strong>tum</strong></span> <span class='ocrx_word' id='word_1_479' title='bbox 1268 3364 1325 3399; x_wconf 90' lang='lat' dir='ltr'><strong>nan</strong></span> <span class='ocrx_word' id='word_1_480' title='bbox 1344 3346 1482 3414; x_wconf 82' lang='lat' dir='ltr'><strong>habentus,</strong></span> <span class='ocrx_word' id='word_1_481' title='bbox 1502 3347 1648 3414; x_wconf 73' lang='lat' dir='ltr'><strong>nosipsos</strong></span> <span class='ocrx_word' id='word_1_482' title='bbox 1667 3349 1839 3411; x_wconf 85' lang='lat' dir='ltr'><strong>seducimus,</strong></span> <span class='ocrx_word' id='word_1_483' title='bbox 1863 3347 1937 3401; x_wconf 87' lang='lat' dir='ltr'><strong>unde</strong></span> <span class='ocrx_word' id='word_1_484' title='bbox 1960 3347 2028 3401; x_wconf 90' lang='lat' dir='ltr'><strong>alibi</strong></span> 
     </span>
     <span class='ocr_line' id='line_1_34' title="bbox 327 3427 2027 3504; baseline -0.001 -15"><span class='ocrx_word' id='word_1_485' title='bbox 327 3454 354 3489; x_wconf 83' lang='lat' dir='ltr'><strong>r.</strong></span> <span class='ocrx_word' id='word_1_486' title='bbox 374 3440 426 3490; x_wconf 78' lang='lat'><strong>23:</strong></span> <span class='ocrx_word' id='word_1_487' title='bbox 445 3434 575 3504; x_wconf 76' lang='grc' dir='ltr'><strong>ἀπαρχὴν</strong></span> <span class='ocrx_word' id='word_1_488' title='bbox 593 3436 643 3487; x_wconf 80' lang='grc' dir='ltr'><strong>τοῦ</strong></span> <span class='ocrx_word' id='word_1_489' title='bbox 661 3432 819 3502; x_wconf 67' lang='grc' dir='ltr'><em>πνεύματος</em></span> <span class='ocrx_word' id='word_1_490' title='bbox 838 3435 958 3502; x_wconf 61' lang='grc' dir='ltr'><strong>ἔχοντες,</strong></span> <span class='ocrx_word' id='word_1_491' title='bbox 981 3430 1075 3483; x_wconf 90' lang='lat' dir='ltr'><strong>renati</strong></span> <span class='ocrx_word' id='word_1_492' title='bbox 1092 3427 1164 3481; x_wconf 87' lang='lat' dir='ltr'><strong>acci·</strong></span> <span class='ocrx_word' id='word_1_493' title='bbox 1192 3432 1222 3484; x_wconf 91' lang='lat' dir='ltr'><strong>in</strong></span> <span class='ocrx_word' id='word_1_494' title='bbox 1243 3448 1345 3502; x_wconf 87' lang='lat' dir='ltr'><strong>genera</strong></span> <span class='ocrx_word' id='word_1_495' title='bbox 1366 3432 1528 3502; x_wconf 91' lang='lat' dir='ltr'><strong>pronuntiat</strong></span> <span class='ocrx_word' id='word_1_496' title='bbox 1545 3432 1701 3502; x_wconf 82' lang='lat' dir='ltr'><strong>Scriptura,</strong></span> <span class='ocrx_word' id='word_1_497' title='bbox 1728 3434 1803 3504; x_wconf 91' lang='lat' dir='ltr'><strong>quod</strong></span> <span class='ocrx_word' id='word_1_498' title='bbox 1829 3451 1909 3489; x_wconf 89' lang='lat' dir='ltr'><strong>nemo</strong></span> <span class='ocrx_word' id='word_1_499' title='bbox 1935 3451 2027 3488; x_wconf 88' lang='lat' dir='ltr'><strong>coram</strong></span> 
     </span>
     <span class='ocr_line' id='line_1_35' title="bbox 322 3515 2027 3591; baseline 0.001 -17"><span class='ocrx_word' id='word_1_500' title='bbox 322 3523 410 3591; x_wconf 81' lang='lat' dir='ltr'><strong>piant</strong></span> <span class='ocrx_word' id='word_1_501' title='bbox 424 3523 572 3590; x_wconf 83' lang='lat' dir='ltr'><strong>primitias</strong></span> <span class='ocrx_word' id='word_1_502' title='bbox 593 3521 719 3589; x_wconf 81' lang='lat' dir='ltr'><strong>Spiritus</strong></span> <span class='ocrx_word' id='word_1_503' title='bbox 738 3521 843 3584; x_wconf 87' lang='lat' dir='ltr'><strong>sancti,</strong></span> <span class='ocrx_word' id='word_1_504' title='bbox 868 3536 924 3573; x_wconf 90' lang='lat' dir='ltr'><strong>non</strong></span> <span class='ocrx_word' id='word_1_505' title='bbox 940 3516 1093 3587; x_wconf 80' lang='lat' dir='ltr'><strong>perfectam</strong></span> <span class='ocrx_word' id='word_1_506' title='bbox 1109 3515 1165 3585; x_wconf 90' lang='lat' dir='ltr'><strong>plc·</strong></span> <span class='ocrx_word' id='word_1_507' title='bbox 1193 3516 1255 3573; x_wconf 92' lang='lat' dir='ltr'><strong>Deo</strong></span> <span class='ocrx_word' id='word_1_508' title='bbox 1273 3519 1309 3574; x_wconf 94' lang='lat' dir='ltr'><strong>sit</strong></span> <span class='ocrx_word' id='word_1_509' title='bbox 1324 3518 1463 3583; x_wconf 86' lang='lat' dir='ltr'><strong>innocens,</strong></span> <span class='ocrx_word' id='word_1_510' title='bbox 1483 3519 1557 3589; x_wconf 92' lang='lat' dir='ltr'><strong>quod</strong></span> <span class='ocrx_word' id='word_1_511' title='bbox 1574 3535 1655 3573; x_wconf 87' lang='lat' dir='ltr'><strong>nemo</strong></span> <span class='ocrx_word' id='word_1_512' title='bbox 1672 3519 1760 3589; x_wconf 90' lang='lat' dir='ltr'><strong>possit</strong></span> <span class='ocrx_word' id='word_1_513' title='bbox 1776 3519 1888 3590; x_wconf 74' lang='lat' dir='ltr'><strong>gloriari</strong></span> <span class='ocrx_word' id='word_1_514' title='bbox 1901 3521 1936 3575; x_wconf 91' lang='lat' dir='ltr'><strong>de</strong></span> <span class='ocrx_word' id='word_1_515' title='bbox 1949 3539 2027 3575; x_wconf 92' lang='lat' dir='ltr'><strong>mun·</strong></span> 
     </span>
     <span class='ocr_line' id='line_1_36' title="bbox 327 3595 2023 3678; baseline 0.001 -17"><span class='ocrx_word' id='word_1_516' title='bbox 327 3607 500 3674; x_wconf 90' lang='lat' dir='ltr'><strong>nitudinem,</strong></span> <span class='ocrx_word' id='word_1_517' title='bbox 532 3608 581 3662; x_wconf 86' lang='lat' dir='ltr'><strong>sed</strong></span> <span class='ocrx_word' id='word_1_518' title='bbox 608 3606 743 3678; x_wconf 87' lang='lat' dir='ltr'><strong>primitias</strong></span> <span class='ocrx_word' id='word_1_519' title='bbox 770 3595 885 3659; x_wconf 87' lang='lat' dir='ltr'><strong>tantum.</strong></span> <span class='ocrx_word' id='word_1_520' title='bbox 930 3603 1007 3674; x_wconf 89' lang='lat' dir='ltr'><strong>Ergo</strong></span> <span class='ocrx_word' id='word_1_521' title='bbox 1033 3601 1167 3656; x_wconf 71' lang='lat' dir='ltr'><strong>sanctitas</strong></span> <span class='ocrx_word' id='word_1_522' title='bbox 1194 3605 1262 3660; x_wconf 89' lang='lat' dir='ltr'><strong>ditie</strong></span> <span class='ocrx_word' id='word_1_523' title='bbox 1280 3606 1371 3660; x_wconf 90' lang='lat' dir='ltr'><strong>cordis</strong></span> <span class='ocrx_word' id='word_1_524' title='bbox 1390 3607 1444 3674; x_wconf 89' lang='lat' dir='ltr'><strong>sui,</strong></span> <span class='ocrx_word' id='word_1_525' title='bbox 1463 3607 1537 3677; x_wconf 89' lang='lat' dir='ltr'><strong>quod</strong></span> <span class='ocrx_word' id='word_1_526' title='bbox 1557 3622 1651 3660; x_wconf 89' lang='lat' dir='ltr'><strong>omnes</strong></span> <span class='ocrx_word' id='word_1_527' title='bbox 1671 3613 1808 3677; x_wconf 82' lang='lat' dir='ltr'><strong>cogantur</strong></span> <span class='ocrx_word' id='word_1_528' title='bbox 1825 3609 1947 3678; x_wconf 88' lang='lat' dir='ltr'><strong>precari,</strong></span> <span class='ocrx_word' id='word_1_529' title='bbox 1967 3608 2023 3662; x_wconf 92' lang='lat' dir='ltr'><strong>Do·</strong></span> 
     </span>
     <span class='ocr_line' id='line_1_37' title="bbox 328 3688 2028 3765; baseline 0.001 -18"><span class='ocrx_word' id='word_1_530' title='bbox 328 3694 455 3764; x_wconf 88' lang='lat' dir='ltr'><strong>ipsorum</strong></span> <span class='ocrx_word' id='word_1_531' title='bbox 475 3694 505 3747; x_wconf 90' lang='lat' dir='ltr'><strong>in</strong></span> <span class='ocrx_word' id='word_1_532' title='bbox 522 3693 574 3749; x_wconf 92' lang='lat' dir='ltr'><strong>hac</strong></span> <span class='ocrx_word' id='word_1_533' title='bbox 593 3695 651 3747; x_wconf 88' lang='lat' dir='ltr'><strong>vita</strong></span> <span class='ocrx_word' id='word_1_534' title='bbox 668 3710 725 3747; x_wconf 91' lang='lat' dir='ltr'><strong>non</strong></span> <span class='ocrx_word' id='word_1_535' title='bbox 749 3699 792 3747; x_wconf 89' lang='lat' dir='ltr'><strong>est</strong></span> <span class='ocrx_word' id='word_1_536' title='bbox 814 3691 938 3762; x_wconf 81' lang='lat' dir='ltr'><strong>perfecta</strong></span> <span class='ocrx_word' id='word_1_537' title='bbox 959 3688 1089 3759; x_wconf 87' lang='lat' dir='ltr'><strong>[intelligi</strong></span> <span class='ocrx_word' id='word_1_538' title='bbox 1106 3702 1167 3740; x_wconf 90' lang='lat' dir='ltr'><strong>san·</strong></span> <span class='ocrx_word' id='word_1_539' title='bbox 1194 3693 1282 3760; x_wconf 92' lang='lat' dir='ltr'><strong>mine,</strong></span> <span class='ocrx_word' id='word_1_540' title='bbox 1308 3692 1416 3747; x_wconf 81' lang='lat' dir='ltr'><strong>dimitte</strong></span> <span class='ocrx_word' id='word_1_541' title='bbox 1433 3692 1513 3747; x_wconf 91' lang='lat' dir='ltr'><strong>nobis</strong></span> <span class='ocrx_word' id='word_1_542' title='bbox 1531 3692 1626 3747; x_wconf 90' lang='lat' dir='ltr'><strong>debita</strong></span> <span class='ocrx_word' id='word_1_543' title='bbox 1646 3699 1740 3746; x_wconf 87' lang='lat' dir='ltr'><strong>nostra</strong></span> <span class='ocrx_word' id='word_1_544' title='bbox 1758 3698 1810 3747; x_wconf 84' lang='lat' dir='ltr'><strong>etc.</strong></span> <span class='ocrx_word' id='word_1_545' title='bbox 1845 3691 2028 3765; x_wconf 86' lang='lat' dir='ltr'><strong>Pelagiauam</strong></span> 
     </span>
     <span class='ocr_line' id='line_1_38' title="bbox 327 3773 2029 3850; baseline 0 -16"><span class='ocrx_word' id='word_1_546' title='bbox 327 3781 456 3835; x_wconf 87' lang='lat' dir='ltr'><strong>ctitatem</strong></span> <span class='ocrx_word' id='word_1_547' title='bbox 475 3780 686 3849; x_wconf 80' lang='lat' dir='ltr'><strong>inhaerenteml,</strong></span> <span class='ocrx_word' id='word_1_548' title='bbox 703 3779 782 3833; x_wconf 88' lang='lat' dir='ltr'><strong>Rom.</strong></span> <span class='ocrx_word' id='word_1_549' title='bbox 799 3785 874 3847; x_wconf 84' lang='lat' dir='ltr'><strong>ll,v.</strong></span> <span class='ocrx_word' id='word_1_550' title='bbox 889 3783 934 3846; x_wconf 78' lang='lat'><strong>163</strong></span> <span class='ocrx_word' id='word_1_551' title='bbox 951 3775 1062 3829; x_wconf 89' lang='lat' dir='ltr'><strong>nomine</strong></span> <span class='ocrx_word' id='word_1_552' title='bbox 1080 3773 1167 3842; x_wconf 74' lang='lat' dir='ltr'><strong>inan·</strong></span> <span class='ocrx_word' id='word_1_553' title='bbox 1193 3779 1269 3832; x_wconf 91' lang='lat' dir='ltr'><strong>illam</strong></span> <span class='ocrx_word' id='word_1_554' title='bbox 1298 3780 1476 3845; x_wconf 89' lang='lat' dir='ltr'><strong>sententiam,</strong></span> <span class='ocrx_word' id='word_1_555' title='bbox 1503 3779 1577 3849; x_wconf 90' lang='lat' dir='ltr'><strong>quod</strong></span> <span class='ocrx_word' id='word_1_556' title='bbox 1605 3779 1719 3850; x_wconf 88' lang='lat' dir='ltr'><strong>quidam</strong></span> <span class='ocrx_word' id='word_1_557' title='bbox 1745 3779 1781 3833; x_wconf 88' lang='lat' dir='ltr'><strong>ab</strong></span> <span class='ocrx_word' id='word_1_558' title='bbox 1804 3779 1855 3834; x_wconf 92' lang='lat' dir='ltr'><strong>hoc</strong></span> <span class='ocrx_word' id='word_1_559' title='bbox 1879 3779 2029 3835; x_wconf 80' lang='lat' dir='ltr'><strong>universali</strong></span> 
     </span>
     <span class='ocr_line' id='line_1_39' title="bbox 322 3861 2028 3938; baseline -0.004 -11"><span class='ocrx_word' id='word_1_560' title='bbox 322 3871 379 3937; x_wconf 79' lang='grc' dir='ltr'><strong>χῆς</strong></span> <span class='ocrx_word' id='word_1_561' title='bbox 397 3866 592 3938; x_wconf 78' lang='lat' dir='ltr'><strong>intelliguntur</strong></span> <span class='ocrx_word' id='word_1_562' title='bbox 607 3866 745 3937; x_wconf 87' lang='lat' dir='ltr'><strong>primitiae</strong></span> <span class='ocrx_word' id='word_1_563' title='bbox 767 3868 849 3937; x_wconf 86' lang='lat' dir='ltr'><strong>juxta</strong></span> <span class='ocrx_word' id='word_1_564' title='bbox 865 3863 1003 3919; x_wconf 85' lang='lat' dir='ltr'><strong>leviticam</strong></span> <span class='ocrx_word' id='word_1_565' title='bbox 1021 3862 1111 3931; x_wconf 89' lang='lat' dir='ltr'><strong>legem</strong></span> <span class='ocrx_word' id='word_1_566' title='bbox 1130 3861 1166 3913; x_wconf 90' lang='lat' dir='ltr'><strong>ad</strong></span> <span class='ocrx_word' id='word_1_567' title='bbox 1192 3866 1371 3936; x_wconf 88' lang='lat' dir='ltr'><strong>pronuntiato</strong></span> <span class='ocrx_word' id='word_1_568' title='bbox 1396 3865 1547 3935; x_wconf 88' lang='lat' dir='ltr'><strong>apostolico</strong></span> <span class='ocrx_word' id='word_1_569' title='bbox 1570 3866 1625 3920; x_wconf 91' lang='lat' dir='ltr'><strong>sint</strong></span> <span class='ocrx_word' id='word_1_570' title='bbox 1648 3866 1771 3937; x_wconf 87' lang='lat' dir='ltr'><strong>excepti,</strong></span> <span class='ocrx_word' id='word_1_571' title='bbox 1804 3867 1887 3921; x_wconf 91' lang='lat' dir='ltr'><strong>toties</strong></span> <span class='ocrx_word' id='word_1_572' title='bbox 1914 3883 1946 3921; x_wconf 87' lang='lat' dir='ltr'><strong>ac</strong></span> <span class='ocrx_word' id='word_1_573' title='bbox 1970 3872 2028 3921; x_wconf 90' lang='lat' dir='ltr'><strong>tam</strong></span> 
     </span>
     <span class='ocr_line' id='line_1_40' title="bbox 326 3946 2026 4022; baseline -0.001 -13"><span class='ocrx_word' id='word_1_574' title='bbox 326 3953 417 4009; x_wconf 86' lang='lat' dir='ltr'><strong>totius</strong></span> <span class='ocrx_word' id='word_1_575' title='bbox 447 3946 554 4008; x_wconf 72' lang='lat' dir='ltr'><strong>massae</strong></span> <span class='ocrx_word' id='word_1_576' title='bbox 586 3952 831 4007; x_wconf 75' lang='lat' dir='ltr'><strong>sancdficationcm</strong></span> <span class='ocrx_word' id='word_1_577' title='bbox 859 3950 984 4018; x_wconf 89' lang='lat' dir='ltr'><strong>oblatae,</strong></span> <span class='ocrx_word' id='word_1_578' title='bbox 1016 3947 1094 4003; x_wconf 88' lang='lat' dir='ltr'><strong>Rom.</strong></span> <span class='ocrx_word' id='word_1_579' title='bbox 1126 3954 1166 4011; x_wconf 87' lang='grc'><strong>16,</strong></span> <span class='ocrx_word' id='word_1_580' title='bbox 1193 3952 1316 4022; x_wconf 82' lang='lat' dir='ltr'><strong>graviter</strong></span> <span class='ocrx_word' id='word_1_581' title='bbox 1340 3952 1455 4005; x_wconf 88' lang='lat' dir='ltr'><strong>damnat</strong></span> <span class='ocrx_word' id='word_1_582' title='bbox 1476 3946 1652 4021; x_wconf 84' lang='lat' dir='ltr'><strong>Augustinus</strong></span> <span class='ocrx_word' id='word_1_583' title='bbox 1675 3952 1704 4005; x_wconf 89' lang='lat' dir='ltr'><strong>in</strong></span> <span class='ocrx_word' id='word_1_584' title='bbox 1729 3950 1807 4005; x_wconf 89' lang='lat' dir='ltr'><strong>libris</strong></span> <span class='ocrx_word' id='word_1_585' title='bbox 1829 3960 1924 4007; x_wconf 89' lang='lat' dir='ltr'><strong>contra</strong></span> <span class='ocrx_word' id='word_1_586' title='bbox 1939 3953 2026 4008; x_wconf 83' lang='lat' dir='ltr'><strong>dulia·</strong></span> 
     </span>
     <span class='ocr_line' id='line_1_41' title="bbox 325 4035 2027 4109; baseline -0.001 -15"><span class='ocrx_word' id='word_1_587' title='bbox 325 4058 356 4098; x_wconf 82' lang='lat' dir='ltr'><strong>r.</strong></span> <span class='ocrx_word' id='word_1_588' title='bbox 378 4048 401 4096; x_wconf 88' lang='lat'><strong>5.</strong></span> <span class='ocrx_word' id='word_1_589' title='bbox 440 4046 462 4096; x_wconf 88' lang='lat'><strong>1.</strong></span> <span class='ocrx_word' id='word_1_590' title='bbox 476 4040 538 4097; x_wconf 85' lang='lat' dir='ltr'><strong>Cor.</strong></span> <span class='ocrx_word' id='word_1_591' title='bbox 561 4047 600 4109; x_wconf 87' lang='grc'>16,</span> <span class='ocrx_word' id='word_1_592' title='bbox 617 4058 645 4094; x_wconf 82' lang='lat' dir='ltr'><strong>v.</strong></span> <span class='ocrx_word' id='word_1_593' title='bbox 667 4045 706 4095; x_wconf 82' lang='lat' dir='ltr'><strong>tt.</strong></span> <span class='ocrx_word' id='word_1_594' title='bbox 734 4040 893 4109; x_wconf 86' lang='lat' dir='ltr'><strong>Epaenetus</strong></span> <span class='ocrx_word' id='word_1_595' title='bbox 912 4037 1014 4091; x_wconf 91' lang='lat' dir='ltr'><strong>dicitur</strong></span> <span class='ocrx_word' id='word_1_596' title='bbox 1028 4035 1166 4105; x_wconf 88' lang='lat' dir='ltr'><strong>primitiae</strong></span> <span class='ocrx_word' id='word_1_597' title='bbox 1193 4055 1261 4092; x_wconf 93' lang='lat' dir='ltr'><strong>num</strong></span> <span class='ocrx_word' id='word_1_598' title='bbox 1287 4044 1383 4091; x_wconf 88' lang='lat' dir='ltr'><strong>contra</strong></span> <span class='ocrx_word' id='word_1_599' title='bbox 1408 4037 1478 4090; x_wconf 90' lang='lat' dir='ltr'><strong>duas</strong></span> <span class='ocrx_word' id='word_1_600' title='bbox 1509 4038 1640 4108; x_wconf 91' lang='lat' dir='ltr'><strong>epistolas</strong></span> <span class='ocrx_word' id='word_1_601' title='bbox 1667 4038 1881 4109; x_wconf 89' lang='lat' dir='ltr'><strong>Pelagianorum</strong></span> <span class='ocrx_word' id='word_1_602' title='bbox 1908 4046 1936 4094; x_wconf 92' lang='lat' dir='ltr'><strong>et</strong></span> <span class='ocrx_word' id='word_1_603' title='bbox 1961 4040 2027 4095; x_wconf 91' lang='lat' dir='ltr'><strong>alibi</strong></span> 
     </span>
     <span class='ocr_line' id='line_1_42' title="bbox 326 4122 2027 4197; baseline 0.001 -17"><span class='ocrx_word' id='word_1_604' title='bbox 326 4125 472 4191; x_wconf 80' lang='lat' dir='ltr'><strong>Achaiae,</strong></span> <span class='ocrx_word' id='word_1_605' title='bbox 496 4126 563 4197; x_wconf 87' lang='lat' dir='ltr'><strong>quia</strong></span> <span class='ocrx_word' id='word_1_606' title='bbox 579 4128 684 4197; x_wconf 90' lang='lat' dir='ltr'><strong>primus</strong></span> <span class='ocrx_word' id='word_1_607' title='bbox 701 4143 735 4181; x_wconf 91' lang='lat' dir='ltr'><strong>ex</strong></span> <span class='ocrx_word' id='word_1_608' title='bbox 751 4125 872 4184; x_wconf 78' lang='lat' dir='ltr'><strong>Achaeis</strong></span> <span class='ocrx_word' id='word_1_609' title='bbox 891 4125 927 4178; x_wconf 88' lang='lat' dir='ltr'><strong>ad</strong></span> <span class='ocrx_word' id='word_1_610' title='bbox 941 4122 1081 4193; x_wconf 83' lang='lat' dir='ltr'><strong>Christum</strong></span> <span class='ocrx_word' id='word_1_611' title='bbox 1100 4139 1164 4178; x_wconf 93' lang='lat' dir='ltr'><strong>con·</strong></span> <span class='ocrx_word' id='word_1_612' title='bbox 1192 4123 1311 4194; x_wconf 91' lang='lat' dir='ltr'><strong>passim,</strong></span> <span class='ocrx_word' id='word_1_613' title='bbox 1338 4128 1371 4176; x_wconf 89' lang='lat' dir='ltr'><strong>ut</strong></span> <span class='ocrx_word' id='word_1_614' title='bbox 1395 4124 1496 4178; x_wconf 90' lang='lat' dir='ltr'><strong>mirum</strong></span> <span class='ocrx_word' id='word_1_615' title='bbox 1523 4124 1652 4179; x_wconf 83' lang='lat' dir='ltr'><strong>videatur</strong></span> <span class='ocrx_word' id='word_1_616' title='bbox 1678 4142 1739 4179; x_wconf 89' lang='lat' dir='ltr'><strong>cam</strong></span> <span class='ocrx_word' id='word_1_617' title='bbox 1763 4126 1862 4180; x_wconf 87' lang='lat' dir='ltr'><strong>iterum</strong></span> <span class='ocrx_word' id='word_1_618' title='bbox 1886 4126 1915 4181; x_wconf 92' lang='lat' dir='ltr'><strong>in</strong></span> <span class='ocrx_word' id='word_1_619' title='bbox 1941 4127 2027 4182; x_wconf 88' lang='lat' dir='ltr'><strong>ecclc·</strong></span> 
     </span>
     <span class='ocr_line' id='line_1_43' title="bbox 324 4209 2026 4284; baseline 0.002 -18"><span class='ocrx_word' id='word_1_620' title='bbox 324 4229 434 4281; x_wconf 80' lang='lat' dir='ltr'><strong>versas,</strong></span> <span class='ocrx_word' id='word_1_621' title='bbox 451 4212 501 4267; x_wconf 90' lang='lat' dir='ltr'><strong>ubi</strong></span> <span class='ocrx_word' id='word_1_622' title='bbox 518 4230 574 4267; x_wconf 91' lang='lat' dir='ltr'><strong>non</strong></span> <span class='ocrx_word' id='word_1_623' title='bbox 590 4212 675 4267; x_wconf 88' lang='lat' dir='ltr'><strong>babet</strong></span> <span class='ocrx_word' id='word_1_624' title='bbox 691 4213 783 4266; x_wconf 91' lang='lat' dir='ltr'><strong>locum</strong></span> <span class='ocrx_word' id='word_1_625' title='bbox 797 4210 945 4281; x_wconf 82' lang='lat' dir='ltr'><strong>explicatio</strong></span> <span class='ocrx_word' id='word_1_626' title='bbox 962 4209 997 4263; x_wconf 89' lang='lat' dir='ltr'><strong>de</strong></span> <span class='ocrx_word' id='word_1_627' title='bbox 1014 4209 1166 4279; x_wconf 87' lang='lat' dir='ltr'><strong>praecipua</strong></span> <span class='ocrx_word' id='word_1_628' title='bbox 1192 4211 1250 4264; x_wconf 88' lang='lat' dir='ltr'><strong>siaa</strong></span> <span class='ocrx_word' id='word_1_629' title='bbox 1281 4209 1456 4279; x_wconf 89' lang='lat' dir='ltr'><strong>proscenium</strong></span> <span class='ocrx_word' id='word_1_630' title='bbox 1485 4227 1503 4263; x_wconf 89' lang='lat' dir='ltr'><strong>a</strong></span> <span class='ocrx_word' id='word_1_631' title='bbox 1534 4211 1703 4265; x_wconf 89' lang='lat' dir='ltr'><strong>Bellarmino</strong></span> <span class='ocrx_word' id='word_1_632' title='bbox 1736 4211 1847 4266; x_wconf 90' lang='lat' dir='ltr'><strong>adduci.</strong></span> <span class='ocrx_word' id='word_1_633' title='bbox 1898 4212 2026 4284; x_wconf 83' lang='lat' dir='ltr'><strong>Pelagia-</strong></span> 
     </span>
     <span class='ocr_line' id='line_1_44' title="bbox 310 4295 2089 4370; baseline 0.001 -19"><span class='ocrx_word' id='word_1_634' title='bbox 310 4314 364 4351; x_wconf 83' lang='lat' dir='ltr'><strong>-ac</strong></span> <span class='ocrx_word' id='word_1_635' title='bbox 391 4299 516 4369; x_wconf 82' lang='lat' dir='ltr'><strong>digniore</strong></span> <span class='ocrx_word' id='word_1_636' title='bbox 539 4305 627 4370; x_wconf 87' lang='lat' dir='ltr'><strong>parte.</strong></span> <span class='ocrx_word' id='word_1_637' title='bbox 662 4303 688 4352; x_wconf 82' lang='lat'><strong>3.</strong></span> <span class='ocrx_word' id='word_1_638' title='bbox 708 4300 755 4352; x_wconf 80' lang='lat' dir='ltr'><strong>Ea</strong></span> <span class='ocrx_word' id='word_1_639' title='bbox 780 4298 917 4351; x_wconf 84' lang='lat' dir='ltr'><strong>sententia</strong></span> <span class='ocrx_word' id='word_1_640' title='bbox 939 4295 1057 4348; x_wconf 75' lang='lat' dir='ltr'><strong>Latiari</strong></span> <span class='ocrx_word' id='word_1_641' title='bbox 1079 4296 1165 4364; x_wconf 73' lang='lat' dir='ltr'><strong>semri,</strong></span> <span class='ocrx_word' id='word_1_642' title='bbox 1191 4313 1259 4349; x_wconf 89' lang='lat' dir='ltr'><strong>num</strong></span> <span class='ocrx_word' id='word_1_643' title='bbox 1279 4296 1363 4350; x_wconf 91' lang='lat' dir='ltr'><strong>etiam</strong></span> <span class='ocrx_word' id='word_1_644' title='bbox 1381 4296 1432 4351; x_wconf 91' lang='lat' dir='ltr'><strong>hoc</strong></span> <span class='ocrx_word' id='word_1_645' title='bbox 1450 4305 1500 4363; x_wconf 88' lang='lat' dir='ltr'><strong>est,</strong></span> <span class='ocrx_word' id='word_1_646' title='bbox 1520 4299 1595 4369; x_wconf 89' lang='lat' dir='ltr'><strong>quod</strong></span> <span class='ocrx_word' id='word_1_647' title='bbox 1613 4298 1702 4369; x_wconf 87' lang='lat' dir='ltr'><strong>magis</strong></span> <span class='ocrx_word' id='word_1_648' title='bbox 1720 4317 1753 4353; x_wconf 88' lang='lat' dir='ltr'><strong>ex</strong></span> <span class='ocrx_word' id='word_1_649' title='bbox 1771 4299 1926 4353; x_wconf 90' lang='lat' dir='ltr'><strong>humilitate</strong></span> <span class='ocrx_word' id='word_1_650' title='bbox 1943 4315 2026 4370; x_wconf 84' lang='lat' dir='ltr'><strong>quam</strong></span> <span class='ocrx_word' id='word_1_651' title='bbox 2084 4308 2089 4318; x_wconf 87' lang='lat'>&#39;</span> 
     </span>
     <span class='ocr_line' id='line_1_45' title="bbox 326 4382 2026 4455; baseline 0.002 -18"><span class='ocrx_word' id='word_1_652' title='bbox 326 4387 409 4453; x_wconf 77' lang='lat' dir='ltr'><strong>qssod</strong></span> <span class='ocrx_word' id='word_1_653' title='bbox 427 4383 555 4439; x_wconf 66' lang='lat' dir='ltr'><strong>Christum</strong></span> <span class='ocrx_word' id='word_1_654' title='bbox 571 4386 699 4439; x_wconf 77' lang='lat' dir='ltr'><strong>inchoate</strong></span> <span class='ocrx_word' id='word_1_655' title='bbox 716 4392 836 4446; x_wconf 85' lang='lat' dir='ltr'><strong>tantum,</strong></span> <span class='ocrx_word' id='word_1_656' title='bbox 856 4400 912 4435; x_wconf 85' lang='lat' dir='ltr'><strong>non</strong></span> <span class='ocrx_word' id='word_1_657' title='bbox 928 4384 1055 4450; x_wconf 81' lang='lat' dir='ltr'><strong>perfecte</strong></span> <span class='ocrx_word' id='word_1_658' title='bbox 1073 4398 1164 4435; x_wconf 86' lang='lat' dir='ltr'><strong>resar-</strong></span> <span class='ocrx_word' id='word_1_659' title='bbox 1192 4400 1226 4437; x_wconf 88' lang='lat' dir='ltr'><strong>ex</strong></span> <span class='ocrx_word' id='word_1_660' title='bbox 1251 4383 1369 4438; x_wconf 82' lang='lat' dir='ltr'><strong>veritate</strong></span> <span class='ocrx_word' id='word_1_661' title='bbox 1396 4382 1583 4437; x_wconf 87' lang='lat' dir='ltr'><strong>confitendum</strong></span> <span class='ocrx_word' id='word_1_662' title='bbox 1601 4384 1649 4453; x_wconf 92' lang='lat' dir='ltr'><strong>sit,</strong></span> <span class='ocrx_word' id='word_1_663' title='bbox 1679 4400 1729 4438; x_wconf 92' lang='lat' dir='ltr'><strong>nos</strong></span> <span class='ocrx_word' id='word_1_664' title='bbox 1753 4390 1898 4455; x_wconf 89' lang='lat' dir='ltr'><strong>peccatum</strong></span> <span class='ocrx_word' id='word_1_665' title='bbox 1915 4384 2026 4455; x_wconf 90' lang='lat' dir='ltr'><strong>habere,</strong></span> 
     </span>
     <span class='ocr_line' id='line_1_46' title="bbox 325 4467 2025 4544; baseline 0.003 -21"><span class='ocrx_word' id='word_1_666' title='bbox 325 4472 443 4539; x_wconf 74' lang='lat' dir='ltr'><strong>raserit,</strong></span> <span class='ocrx_word' id='word_1_667' title='bbox 462 4489 523 4525; x_wconf 87' lang='lat' dir='ltr'><strong>cum</strong></span> <span class='ocrx_word' id='word_1_668' title='bbox 541 4474 654 4526; x_wconf 85' lang='lat' dir='ltr'><strong>dicatur</strong></span> <span class='ocrx_word' id='word_1_669' title='bbox 669 4470 817 4540; x_wconf 72' lang='lat' dir='ltr'><strong>primitias</strong></span> <span class='ocrx_word' id='word_1_670' title='bbox 832 4468 1044 4535; x_wconf 69' lang='lat' dir='ltr'><strong>resurgentium,</strong></span> <span class='ocrx_word' id='word_1_671' title='bbox 1066 4474 1087 4522; x_wconf 94' lang='lat' dir='ltr'><strong>l.</strong></span> <span class='ocrx_word' id='word_1_672' title='bbox 1102 4467 1163 4522; x_wconf 90' lang='lat' dir='ltr'><strong>Cor.</strong></span> <span class='ocrx_word' id='word_1_673' title='bbox 1192 4486 1247 4540; x_wconf 91' lang='lat' dir='ltr'><strong>qua</strong></span> <span class='ocrx_word' id='word_1_674' title='bbox 1267 4469 1302 4524; x_wconf 90' lang='lat' dir='ltr'><strong>de</strong></span> <span class='ocrx_word' id='word_1_675' title='bbox 1320 4486 1349 4524; x_wconf 89' lang='lat' dir='ltr'><strong>re</strong></span> <span class='ocrx_word' id='word_1_676' title='bbox 1370 4469 1409 4523; x_wconf 88' lang='lat' dir='ltr'><strong>sic</strong></span> <span class='ocrx_word' id='word_1_677' title='bbox 1429 4468 1665 4540; x_wconf 88' lang='lat' dir='ltr'><strong>scribit.August.</strong></span> <span class='ocrx_word' id='word_1_678' title='bbox 1684 4470 1746 4526; x_wconf 92' lang='lat' dir='ltr'><strong>libr.</strong></span> <span class='ocrx_word' id='word_1_679' title='bbox 1771 4472 1806 4526; x_wconf 90' lang='lat' dir='ltr'><strong>de</strong></span> <span class='ocrx_word' id='word_1_680' title='bbox 1824 4478 1880 4527; x_wconf 88' lang='lat' dir='ltr'><strong>nat.</strong></span> <span class='ocrx_word' id='word_1_681' title='bbox 1906 4478 1934 4527; x_wconf 89' lang='lat' dir='ltr'><strong>et</strong></span> <span class='ocrx_word' id='word_1_682' title='bbox 1954 4481 2025 4544; x_wconf 81' lang='lat' dir='ltr'><strong>grat</strong></span> 
     </span>
     <span class='ocr_line' id='line_1_47' title="bbox 270 4552 2028 4628; baseline -0.002 -12"><span class='ocrx_word' id='word_1_683' title='bbox 270 4571 311 4616; x_wconf 54' lang='lat' dir='ltr'><strong>a</strong></span> <span class='ocrx_word' id='word_1_684' title='bbox 329 4563 374 4625; x_wconf 87' lang='grc'>15,</span> <span class='ocrx_word' id='word_1_685' title='bbox 392 4575 418 4613; x_wconf 83' lang='lat' dir='ltr'><strong>v.</strong></span> <span class='ocrx_word' id='word_1_686' title='bbox 437 4562 479 4613; x_wconf 83' lang='grc'>211.</span> <span class='ocrx_word' id='word_1_687' title='bbox 513 4556 738 4628; x_wconf 83' lang='lat' dir='ltr'><strong>Respondemus:</strong></span> <span class='ocrx_word' id='word_1_688' title='bbox 764 4554 891 4609; x_wconf 88' lang='lat' dir='ltr'><strong>Christus</strong></span> <span class='ocrx_word' id='word_1_689' title='bbox 916 4570 972 4607; x_wconf 92' lang='lat' dir='ltr'><strong>non</strong></span> <span class='ocrx_word' id='word_1_690' title='bbox 990 4552 1093 4607; x_wconf 89' lang='lat' dir='ltr'><strong>dicitur</strong></span> <span class='ocrx_word' id='word_1_691' title='bbox 1110 4552 1164 4623; x_wconf 89' lang='lat' dir='ltr'><strong>pri·</strong></span> <span class='ocrx_word' id='word_1_692' title='bbox 1192 4572 1214 4609; x_wconf 91' lang='lat' dir='ltr'><strong>c.</strong></span> <span class='ocrx_word' id='word_1_693' title='bbox 1234 4561 1280 4610; x_wconf 79' lang='lat'><strong>34:</strong></span> <span class='ocrx_word' id='word_1_694' title='bbox 1301 4556 1447 4609; x_wconf 84' lang='lat' dir='ltr'><strong>Jotannss</strong></span> <span class='ocrx_word' id='word_1_695' title='bbox 1459 4563 1615 4625; x_wconf 82' lang='lat' dir='ltr'><strong>propterea</strong></span> <span class='ocrx_word' id='word_1_696' title='bbox 1631 4558 1722 4623; x_wconf 83' lang='lat' dir='ltr'><strong>addit,</strong></span> <span class='ocrx_word' id='word_1_697' title='bbox 1741 4565 1768 4610; x_wconf 92' lang='lat' dir='ltr'><strong>et</strong></span> <span class='ocrx_word' id='word_1_698' title='bbox 1784 4558 1889 4611; x_wconf 64' lang='lat' dir='ltr'><strong>cedias</strong></span> <span class='ocrx_word' id='word_1_699' title='bbox 1902 4559 1931 4612; x_wconf 87' lang='lat' dir='ltr'><strong>in</strong></span> <span class='ocrx_word' id='word_1_700' title='bbox 1947 4561 2028 4613; x_wconf 85' lang='lat' dir='ltr'><strong>nobis</strong></span> 
     </span>
     <span class='ocr_line' id='line_1_48' title="bbox 326 4640 2027 4715; baseline 0.001 -17"><span class='ocrx_word' id='word_1_701' title='bbox 326 4642 424 4698; x_wconf 83' lang='lat' dir='ltr'><strong>mitiss</strong></span> <span class='ocrx_word' id='word_1_702' title='bbox 440 4644 657 4714; x_wconf 80' lang='lat' dir='ltr'><strong>resurgentium,</strong></span> <span class='ocrx_word' id='word_1_703' title='bbox 685 4643 750 4714; x_wconf 91' lang='lat' dir='ltr'><strong>quia</strong></span> <span class='ocrx_word' id='word_1_704' title='bbox 775 4641 941 4712; x_wconf 87' lang='lat' dir='ltr'><strong>praecipuus</strong></span> <span class='ocrx_word' id='word_1_705' title='bbox 962 4646 1004 4693; x_wconf 91' lang='lat' dir='ltr'><strong>est</strong></span> <span class='ocrx_word' id='word_1_706' title='bbox 1021 4640 1092 4694; x_wconf 88' lang='lat' dir='ltr'><strong>inter</strong></span> <span class='ocrx_word' id='word_1_707' title='bbox 1111 4656 1165 4702; x_wconf 90' lang='lat' dir='ltr'><strong>eos,</strong></span> <span class='ocrx_word' id='word_1_708' title='bbox 1191 4659 1246 4695; x_wconf 90' lang='lat' dir='ltr'><strong>non</strong></span> <span class='ocrx_word' id='word_1_709' title='bbox 1267 4650 1315 4705; x_wconf 85' lang='lat' dir='ltr'><strong>est,</strong></span> <span class='ocrx_word' id='word_1_710' title='bbox 1335 4659 1396 4695; x_wconf 86' lang='lat' dir='ltr'><strong>cum</strong></span> <span class='ocrx_word' id='word_1_711' title='bbox 1407 4642 1484 4706; x_wconf 84' lang='lat' dir='ltr'><strong>forte</strong></span> <span class='ocrx_word' id='word_1_712' title='bbox 1501 4644 1644 4711; x_wconf 79' lang='lat' dir='ltr'><strong>sufficeret</strong></span> <span class='ocrx_word' id='word_1_713' title='bbox 1663 4644 1768 4707; x_wconf 85' lang='lat' dir='ltr'><strong>dicere,</strong></span> <span class='ocrx_word' id='word_1_714' title='bbox 1785 4661 1836 4697; x_wconf 89' lang='lat' dir='ltr'><strong>nos</strong></span> <span class='ocrx_word' id='word_1_715' title='bbox 1855 4645 1932 4715; x_wconf 79' lang='lat' dir='ltr'><strong>ipsos</strong></span> <span class='ocrx_word' id='word_1_716' title='bbox 1953 4646 2027 4699; x_wconf 85' lang='lat' dir='ltr'><strong>deci·</strong></span> 
     </span>
     <span class='ocr_line' id='line_1_49' title="bbox 328 4725 2027 4801; baseline 0.001 -18"><span class='ocrx_word' id='word_1_717' title='bbox 328 4729 380 4801; x_wconf 89' lang='lat' dir='ltr'><strong>qui</strong></span> <span class='ocrx_word' id='word_1_718' title='bbox 398 4737 605 4786; x_wconf 85' lang='lat' dir='ltr'><strong>resurrexerunt</strong></span> <span class='ocrx_word' id='word_1_719' title='bbox 624 4730 710 4801; x_wconf 88' lang='lat' dir='ltr'><strong>[quod</strong></span> <span class='ocrx_word' id='word_1_720' title='bbox 728 4735 822 4782; x_wconf 91' lang='lat' dir='ltr'><strong>tamen</strong></span> <span class='ocrx_word' id='word_1_721' title='bbox 839 4726 1010 4780; x_wconf 82' lang='lat' dir='ltr'><strong>verissimum</strong></span> <span class='ocrx_word' id='word_1_722' title='bbox 1028 4725 1095 4795; x_wconf 89' lang='lat' dir='ltr'><strong>est],</strong></span> <span class='ocrx_word' id='word_1_723' title='bbox 1116 4726 1164 4779; x_wconf 90' lang='lat' dir='ltr'><strong>sed</strong></span> <span class='ocrx_word' id='word_1_724' title='bbox 1188 4729 1292 4797; x_wconf 81' lang='lat' dir='ltr'><strong>pimus,</strong></span> <span class='ocrx_word' id='word_1_725' title='bbox 1311 4729 1369 4781; x_wconf 86' lang='lat' dir='ltr'><strong>nisi</strong></span> <span class='ocrx_word' id='word_1_726' title='bbox 1384 4730 1553 4797; x_wconf 85' lang='lat' dir='ltr'><strong>attenderet,</strong></span> <span class='ocrx_word' id='word_1_727' title='bbox 1571 4731 1706 4798; x_wconf 69' lang='lat' dir='ltr'><strong>masadam</strong></span> <span class='ocrx_word' id='word_1_728' title='bbox 1720 4738 1825 4800; x_wconf 84' lang='lat' dir='ltr'><strong>putare</strong></span> <span class='ocrx_word' id='word_1_729' title='bbox 1844 4732 1957 4800; x_wconf 87' lang='lat' dir='ltr'><strong>dictum,</strong></span> <span class='ocrx_word' id='word_1_730' title='bbox 1975 4750 2027 4785; x_wconf 89' lang='lat' dir='ltr'><strong>nos</strong></span> 
     </span>
     <span class='ocr_line' id='line_1_50' title="bbox 327 4812 2026 4887; baseline 0.001 -17"><span class='ocrx_word' id='word_1_731' title='bbox 327 4816 437 4872; x_wconf 88' lang='lat' dir='ltr'><strong>ratione</strong></span> <span class='ocrx_word' id='word_1_732' title='bbox 455 4816 573 4881; x_wconf 90' lang='lat' dir='ltr'><strong>ordinis,</strong></span> <span class='ocrx_word' id='word_1_733' title='bbox 590 4833 704 4884; x_wconf 87' lang='lat' dir='ltr'><strong>causae,</strong></span> <span class='ocrx_word' id='word_1_734' title='bbox 730 4815 840 4869; x_wconf 83' lang='lat' dir='ltr'><strong>virtutis</strong></span> <span class='ocrx_word' id='word_1_735' title='bbox 858 4822 943 4884; x_wconf 90' lang='lat' dir='ltr'><strong>atque</strong></span> <span class='ocrx_word' id='word_1_736' title='bbox 961 4812 1064 4878; x_wconf 91' lang='lat' dir='ltr'><strong>meriti,</strong></span> <span class='ocrx_word' id='word_1_737' title='bbox 1091 4812 1164 4883; x_wconf 91' lang='lat' dir='ltr'><strong>quod</strong></span> <span class='ocrx_word' id='word_1_738' title='bbox 1192 4816 1270 4883; x_wconf 73' lang='lat' dir='ltr'><strong>ipsas</strong></span> <span class='ocrx_word' id='word_1_739' title='bbox 1293 4815 1460 4883; x_wconf 74' lang='lat' dir='ltr'><strong>decipimus,</strong></span> <span class='ocrx_word' id='word_1_740' title='bbox 1489 4815 1557 4882; x_wconf 73' lang='lat' dir='ltr'><strong>quia</strong></span> <span class='ocrx_word' id='word_1_741' title='bbox 1581 4816 1665 4868; x_wconf 86' lang='lat' dir='ltr'><strong>etiam</strong></span> <span class='ocrx_word' id='word_1_742' title='bbox 1683 4817 1718 4870; x_wconf 86' lang='lat' dir='ltr'><strong>ds</strong></span> <span class='ocrx_word' id='word_1_743' title='bbox 1735 4834 1801 4871; x_wconf 87' lang='lat' dir='ltr'><strong>cero</strong></span> <span class='ocrx_word' id='word_1_744' title='bbox 1820 4818 1901 4885; x_wconf 82' lang='lat' dir='ltr'><strong>bono,</strong></span> <span class='ocrx_word' id='word_1_745' title='bbox 1931 4819 1981 4887; x_wconf 82' lang='lat' dir='ltr'><strong>qui</strong></span> <span class='ocrx_word' id='word_1_746' title='bbox 1996 4835 2026 4872; x_wconf 88' lang='lat' dir='ltr'><strong>tc</strong></span> 
     </span>
     <span class='ocr_line' id='line_1_51' title="bbox 328 4898 2025 4976; baseline -0.001 -17"><span class='ocrx_word' id='word_1_747' title='bbox 328 4903 403 4959; x_wconf 84' lang='lat' dir='ltr'><strong>enim</strong></span> <span class='ocrx_word' id='word_1_748' title='bbox 421 4904 469 4959; x_wconf 90' lang='lat' dir='ltr'><strong>alii</strong></span> <span class='ocrx_word' id='word_1_749' title='bbox 482 4910 639 4975; x_wconf 79' lang='lat' dir='ltr'><strong>resurgunt,</strong></span> <span class='ocrx_word' id='word_1_750' title='bbox 656 4904 687 4957; x_wconf 90' lang='lat' dir='ltr'><strong>id</strong></span> <span class='ocrx_word' id='word_1_751' title='bbox 699 4902 802 4957; x_wconf 84' lang='lat' dir='ltr'><strong>Christi</strong></span> <span class='ocrx_word' id='word_1_752' title='bbox 814 4898 1007 4956; x_wconf 87' lang='lat' dir='ltr'><strong>resurrectioni</strong></span> <span class='ocrx_word' id='word_1_753' title='bbox 1020 4904 1163 4968; x_wconf 88' lang='lat' dir='ltr'><strong>acceptum</strong></span> <span class='ocrx_word' id='word_1_754' title='bbox 1190 4901 1301 4969; x_wconf 86' lang='lat' dir='ltr'><strong>laudat,</strong></span> <span class='ocrx_word' id='word_1_755' title='bbox 1321 4901 1480 4976; x_wconf 70' lang='lat' dir='ltr'><strong>eutalium,-</strong></span> <span class='ocrx_word' id='word_1_756' title='bbox 1498 4904 1611 4956; x_wconf 81' lang='lat' dir='ltr'><strong>attende</strong></span> <span class='ocrx_word' id='word_1_757' title='bbox 1629 4904 1732 4973; x_wconf 80' lang='lat' dir='ltr'><strong>itaque,</strong></span> <span class='ocrx_word' id='word_1_758' title='bbox 1750 4912 1775 4957; x_wconf 89' lang='lat' dir='ltr'><strong>et</strong></span> <span class='ocrx_word' id='word_1_759' title='bbox 1788 4905 1894 4957; x_wconf 81' lang='lat' dir='ltr'><strong>veritas</strong></span> <span class='ocrx_word' id='word_1_760' title='bbox 1905 4904 1934 4955; x_wconf 88' lang='lat' dir='ltr'><strong>in</strong></span> <span class='ocrx_word' id='word_1_761' title='bbox 1945 4904 2025 4958; x_wconf 85' lang='lat' dir='ltr'><strong>nabis</strong></span> 
     </span>
     <span class='ocr_line' id='line_1_52' title="bbox 299 4985 2025 5063; baseline -0.001 -17"><span class='ocrx_word' id='word_1_762' title='bbox 299 4990 305 5001; x_wconf 85' lang='lat'>&#39;</span> <span class='ocrx_word' id='word_1_763' title='bbox 326 4990 487 5061; x_wconf 82' lang='lat' dir='ltr'><strong>ferendum3</strong></span> <span class='ocrx_word' id='word_1_764' title='bbox 504 5008 558 5045; x_wconf 82' lang='lat' dir='ltr'><strong>vox</strong></span> <span class='ocrx_word' id='word_1_765' title='bbox 578 4991 703 5063; x_wconf 61' lang='lat' dir='ltr'><strong>&amp;nappis</strong></span> <span class='ocrx_word' id='word_1_766' title='bbox 719 4988 834 5060; x_wconf 90' lang='lat' dir='ltr'><strong>respicit</strong></span> <span class='ocrx_word' id='word_1_767' title='bbox 851 4988 887 5041; x_wconf 89' lang='lat' dir='ltr'><strong>ad</strong></span> <span class='ocrx_word' id='word_1_768' title='bbox 906 4987 996 5056; x_wconf 89' lang='lat' dir='ltr'><strong>legem</strong></span> <span class='ocrx_word' id='word_1_769' title='bbox 1012 4985 1163 5039; x_wconf 88' lang='lat' dir='ltr'><strong>Mosaicam</strong></span> <span class='ocrx_word' id='word_1_770' title='bbox 1190 5003 1246 5038; x_wconf 89' lang='lat' dir='ltr'><strong>non</strong></span> <span class='ocrx_word' id='word_1_771' title='bbox 1265 4994 1319 5049; x_wconf 85' lang='lat' dir='ltr'><strong>est,</strong></span> <span class='ocrx_word' id='word_1_772' title='bbox 1337 4989 1486 5052; x_wconf 80' lang='lat' dir='ltr'><strong>manifeste</strong></span> <span class='ocrx_word' id='word_1_773' title='bbox 1504 4990 1644 5058; x_wconf 81' lang='lat' dir='ltr'><strong>ostendit,</strong></span> <span class='ocrx_word' id='word_1_774' title='bbox 1662 4991 1713 5044; x_wconf 81' lang='lat' dir='ltr'><strong>ltcc</strong></span> <span class='ocrx_word' id='word_1_775' title='bbox 1730 4991 1840 5045; x_wconf 84' lang='lat' dir='ltr'><strong>omnino</strong></span> <span class='ocrx_word' id='word_1_776' title='bbox 1857 5008 1951 5043; x_wconf 84' lang='lat' dir='ltr'><strong>oerum</strong></span> <span class='ocrx_word' id='word_1_777' title='bbox 1970 5010 2025 5045; x_wconf 85' lang='lat' dir='ltr'><strong>non</strong></span> 
     </span>
     <span class='ocr_line' id='line_1_53' title="bbox 330 5072 2024 5148; baseline 0.001 -18"><span class='ocrx_word' id='word_1_778' title='bbox 330 5076 367 5131; x_wconf 89' lang='lat' dir='ltr'><strong>de</strong></span> <span class='ocrx_word' id='word_1_779' title='bbox 391 5076 533 5131; x_wconf 88' lang='lat' dir='ltr'><strong>oblatione</strong></span> <span class='ocrx_word' id='word_1_780' title='bbox 553 5076 752 5147; x_wconf 90' lang='lat' dir='ltr'><strong>primitiarum,</strong></span> <span class='ocrx_word' id='word_1_781' title='bbox 781 5092 836 5148; x_wconf 91' lang='lat' dir='ltr'><strong>qua</strong></span> <span class='ocrx_word' id='word_1_782' title='bbox 862 5079 920 5128; x_wconf 91' lang='lat' dir='ltr'><strong>tota</strong></span> <span class='ocrx_word' id='word_1_783' title='bbox 943 5072 1051 5143; x_wconf 89' lang='lat' dir='ltr'><strong>reliqua</strong></span> <span class='ocrx_word' id='word_1_784' title='bbox 1073 5089 1164 5126; x_wconf 87' lang='lat' dir='ltr'><strong>massa</strong></span> <span class='ocrx_word' id='word_1_785' title='bbox 1191 5089 1262 5141; x_wconf 85' lang='lat' dir='ltr'><strong>esse,</strong></span> <span class='ocrx_word' id='word_1_786' title='bbox 1282 5073 1309 5125; x_wconf 87' lang='lat' dir='ltr'><strong>st&#39;</strong></span> <span class='ocrx_word' id='word_1_787' title='bbox 1326 5074 1490 5141; x_wconf 74' lang='lat' dir='ltr'><strong>dixerimus,</strong></span> <span class='ocrx_word' id='word_1_788' title='bbox 1509 5077 1576 5144; x_wconf 78' lang='lat' dir='ltr'><strong>quia</strong></span> <span class='ocrx_word' id='word_1_789' title='bbox 1590 5084 1736 5145; x_wconf 84' lang='lat' dir='ltr'><strong>peccatum</strong></span> <span class='ocrx_word' id='word_1_790' title='bbox 1751 5095 1807 5131; x_wconf 89' lang='lat' dir='ltr'><strong>non</strong></span> <span class='ocrx_word' id='word_1_791' title='bbox 1824 5076 1966 5146; x_wconf 75' lang='lat' dir='ltr'><strong>habemns,</strong></span> <span class='ocrx_word' id='word_1_792' title='bbox 1989 5096 2024 5132; x_wconf 87' lang='lat' dir='ltr'><strong>ne</strong></span> 
     </span>
     <span class='ocr_line' id='line_1_54' title="bbox 327 5151 2025 5233; baseline -0.001 -14"><span class='ocrx_word' id='word_1_793' title='bbox 327 5162 564 5220; x_wconf 73' lang='lat' dir='ltr'><strong>sanctificabatur.</strong></span> <span class='ocrx_word' id='word_1_794' title='bbox 600 5162 662 5217; x_wconf 90' lang='lat' dir='ltr'><strong>Hoc</strong></span> <span class='ocrx_word' id='word_1_795' title='bbox 685 5179 752 5233; x_wconf 88' lang='lat' dir='ltr'><strong>ergo</strong></span> <span class='ocrx_word' id='word_1_796' title='bbox 775 5161 835 5215; x_wconf 82' lang='lat' dir='ltr'><strong>vult</strong></span> <span class='ocrx_word' id='word_1_797' title='bbox 858 5158 1014 5229; x_wconf 88' lang='lat' dir='ltr'><strong>apostolus:</strong></span> <span class='ocrx_word' id='word_1_798' title='bbox 1041 5157 1070 5212; x_wconf 85' lang='lat' dir='ltr'><strong>Si</strong></span> <span class='ocrx_word' id='word_1_799' title='bbox 1087 5158 1163 5213; x_wconf 89' lang='lat' dir='ltr'><strong>Chri·</strong></span> <span class='ocrx_word' id='word_1_800' title='bbox 1191 5159 1334 5211; x_wconf 79' lang='lat' dir='ltr'><strong>humilitas</strong></span> <span class='ocrx_word' id='word_1_801' title='bbox 1351 5151 1500 5213; x_wconf 87' lang='lat' dir='ltr'><strong>constituto</strong></span> <span class='ocrx_word' id='word_1_802' title='bbox 1517 5162 1548 5214; x_wconf 88' lang='lat' dir='ltr'><strong>in</strong></span> <span class='ocrx_word' id='word_1_803' title='bbox 1563 5169 1648 5230; x_wconf 83' lang='lat' dir='ltr'><strong>parte</strong></span> <span class='ocrx_word' id='word_1_804' title='bbox 1666 5162 1809 5229; x_wconf 76' lang='lat' dir='ltr'><strong>falsitatis</strong></span> <span class='ocrx_word' id='word_1_805' title='bbox 1821 5166 1927 5231; x_wconf 85' lang='lat' dir='ltr'><strong>perdat</strong></span> <span class='ocrx_word' id='word_1_806' title='bbox 1939 5182 2025 5233; x_wconf 80' lang='lat' dir='ltr'><strong>prae·</strong></span> 
     </span>
     <span class='ocr_line' id='line_1_55' title="bbox 326 5245 2027 5322; baseline -0.001 -16"><span class='ocrx_word' id='word_1_807' title='bbox 326 5258 388 5307; x_wconf 85' lang='lat' dir='ltr'><strong>stus</strong></span> <span class='ocrx_word' id='word_1_808' title='bbox 402 5259 539 5321; x_wconf 86' lang='lat' dir='ltr'><strong>tanquam</strong></span> <span class='ocrx_word' id='word_1_809' title='bbox 563 5249 700 5322; x_wconf 88' lang='lat' dir='ltr'><strong>primitiae</strong></span> <span class='ocrx_word' id='word_1_810' title='bbox 725 5255 840 5303; x_wconf 88' lang='lat' dir='ltr'><strong>mortem</strong></span> <span class='ocrx_word' id='word_1_811' title='bbox 863 5245 989 5312; x_wconf 83' lang='lat' dir='ltr'><strong>evitavit,</strong></span> <span class='ocrx_word' id='word_1_812' title='bbox 1014 5251 1089 5299; x_wconf 85' lang='lat' dir='ltr'><strong>certe</strong></span> <span class='ocrx_word' id='word_1_813' title='bbox 1113 5262 1163 5299; x_wconf 88' lang='lat' dir='ltr'><strong>nec</strong></span> <span class='ocrx_word' id='word_1_814' title='bbox 1191 5246 1276 5298; x_wconf 87' lang='lat' dir='ltr'><strong>mium</strong></span> <span class='ocrx_word' id='word_1_815' title='bbox 1297 5246 1432 5299; x_wconf 67' lang='lat' dir='ltr'><strong>cuiatis.</strong></span> <span class='ocrx_word' id='word_1_816' title='bbox 1459 5262 1483 5300; x_wconf 92' lang='lat' dir='ltr'><strong>c.</strong></span> <span class='ocrx_word' id='word_1_817' title='bbox 1502 5252 1548 5302; x_wconf 83' lang='lat'><strong>36:</strong></span> <span class='ocrx_word' id='word_1_818' title='bbox 1570 5247 1605 5301; x_wconf 77' lang='lat' dir='ltr'><strong>st</strong></span> <span class='ocrx_word' id='word_1_819' title='bbox 1622 5265 1715 5301; x_wconf 86' lang='lat' dir='ltr'><strong>omnes</strong></span> <span class='ocrx_word' id='word_1_820' title='bbox 1732 5257 1845 5302; x_wconf 88' lang='lat' dir='ltr'><strong>sanctos</strong></span> <span class='ocrx_word' id='word_1_821' title='bbox 1862 5258 1888 5303; x_wconf 88' lang='lat' dir='ltr'><strong>et</strong></span> <span class='ocrx_word' id='word_1_822' title='bbox 1904 5259 2027 5321; x_wconf 84' lang='lat' dir='ltr'><strong>sanctas,</strong></span> 
     </span>
     <span class='ocr_line' id='line_1_56' title="bbox 325 5330 2026 5408; baseline 0 -17"><span class='ocrx_word' id='word_1_823' title='bbox 325 5337 435 5408; x_wconf 84' lang='lat' dir='ltr'><strong>reliqua</strong></span> <span class='ocrx_word' id='word_1_824' title='bbox 461 5353 553 5392; x_wconf 88' lang='lat' dir='ltr'><strong>massa</strong></span> <span class='ocrx_word' id='word_1_825' title='bbox 579 5336 688 5391; x_wconf 83' lang='lat' dir='ltr'><strong>Christo</strong></span> <span class='ocrx_word' id='word_1_826' title='bbox 718 5334 800 5388; x_wconf 88' lang='lat' dir='ltr'><strong>insita</strong></span> <span class='ocrx_word' id='word_1_827' title='bbox 828 5331 909 5386; x_wconf 91' lang='lat' dir='ltr'><strong>morti</strong></span> <span class='ocrx_word' id='word_1_828' title='bbox 936 5347 968 5385; x_wconf 88' lang='lat' dir='ltr'><strong>ac</strong></span> <span class='ocrx_word' id='word_1_829' title='bbox 995 5330 1164 5402; x_wconf 88' lang='lat' dir='ltr'><strong>corruptioni</strong></span> <span class='ocrx_word' id='word_1_830' title='bbox 1192 5348 1253 5384; x_wconf 89' lang='lat' dir='ltr'><strong>cum</strong></span> <span class='ocrx_word' id='word_1_831' title='bbox 1273 5330 1318 5383; x_wconf 84' lang='lat' dir='ltr'><strong>hic</strong></span> <span class='ocrx_word' id='word_1_832' title='bbox 1343 5334 1479 5401; x_wconf 83' lang='lat' dir='ltr'><strong>uiuerent,</strong></span> <span class='ocrx_word' id='word_1_833' title='bbox 1506 5350 1677 5402; x_wconf 73' lang='lat' dir='ltr'><strong>congregare</strong></span> <span class='ocrx_word' id='word_1_834' title='bbox 1696 5351 1842 5404; x_wconf 83' lang='lat' dir='ltr'><strong>possemus</strong></span> <span class='ocrx_word' id='word_1_835' title='bbox 1864 5344 1890 5389; x_wconf 88' lang='lat' dir='ltr'><strong>et</strong></span> <span class='ocrx_word' id='word_1_836' title='bbox 1907 5336 2026 5392; x_wconf 86' lang='lat' dir='ltr'><strong>interro·</strong></span> 
     </span>
     <span class='ocr_line' id='line_1_57' title="bbox 324 5401 2026 5495; baseline 0 -18"><span class='ocrx_word' id='word_1_837' title='bbox 324 5401 437 5495; x_wconf 65' lang='lat' dir='ltr'><strong>semper</strong></span> <span class='ocrx_word' id='word_1_838' title='bbox 452 5422 506 5477; x_wconf 87' lang='lat' dir='ltr'><strong>erit</strong></span> <span class='ocrx_word' id='word_1_839' title='bbox 523 5421 649 5491; x_wconf 84' lang='lat' dir='ltr'><strong>obnoxia,</strong></span> <span class='ocrx_word' id='word_1_840' title='bbox 670 5420 720 5475; x_wconf 87' lang='lat' dir='ltr'><strong>sed</strong></span> <span class='ocrx_word' id='word_1_841' title='bbox 737 5427 871 5492; x_wconf 90' lang='lat' dir='ltr'><strong>tanquam</strong></span> <span class='ocrx_word' id='word_1_842' title='bbox 890 5417 963 5489; x_wconf 88' lang='lat' dir='ltr'><strong>grati</strong></span> <span class='ocrx_word' id='word_1_843' title='bbox 979 5416 1041 5470; x_wconf 93' lang='lat' dir='ltr'><strong>Deo</strong></span> <span class='ocrx_word' id='word_1_844' title='bbox 1057 5416 1163 5470; x_wconf 86' lang='lat' dir='ltr'><strong>fructus</strong></span> <span class='ocrx_word' id='word_1_845' title='bbox 1191 5434 1270 5486; x_wconf 71' lang='lat' dir='ltr'><strong>aare,</strong></span> <span class='ocrx_word' id='word_1_846' title='bbox 1287 5424 1379 5470; x_wconf 88' lang='lat' dir='ltr'><strong>utrum</strong></span> <span class='ocrx_word' id='word_1_847' title='bbox 1398 5427 1486 5472; x_wconf 78' lang='lat' dir='ltr'><strong>esscru</strong></span> <span class='ocrx_word' id='word_1_848' title='bbox 1504 5420 1565 5492; x_wconf 82' lang='lat' dir='ltr'><strong>sine</strong></span> <span class='ocrx_word' id='word_1_849' title='bbox 1575 5428 1700 5488; x_wconf 84' lang='lat' dir='ltr'><strong>peccato,</strong></span> <span class='ocrx_word' id='word_1_850' title='bbox 1720 5422 1790 5490; x_wconf 79' lang='lat' dir='ltr'><strong>quid</strong></span> <span class='ocrx_word' id='word_1_851' title='bbox 1807 5422 1898 5487; x_wconf 79' lang='lat' dir='ltr'><strong>fuisse</strong></span> <span class='ocrx_word' id='word_1_852' title='bbox 1910 5441 2026 5492; x_wconf 81' lang='lat' dir='ltr'><strong>respon·</strong></span> 
     </span>
    </p>
   </div>
   <div class='ocr_carea' id='block_1_3' title="bbox 326 5502 2026 5841">
    <p class='ocr_par' dir='ltr' id='par_1_3' title="bbox 326 5502 2026 5841">
     <span class='ocr_line' id='line_1_58' title="bbox 326 5502 2024 5582; baseline 0.002 -22"><span class='ocrx_word' id='word_1_853' title='bbox 326 5510 365 5564; x_wconf 83' lang='lat' dir='ltr'><strong>ad</strong></span> <span class='ocrx_word' id='word_1_854' title='bbox 383 5504 540 5582; x_wconf 80' lang='lat' dir='ltr'><strong>exemplum</strong></span> <span class='ocrx_word' id='word_1_855' title='bbox 558 5509 742 5581; x_wconf 89' lang='lat' dir='ltr'><strong>primitiarum</strong></span> <span class='ocrx_word' id='word_1_856' title='bbox 764 5508 793 5560; x_wconf 91' lang='lat' dir='ltr'><strong>in</strong></span> <span class='ocrx_word' id='word_1_857' title='bbox 817 5506 893 5560; x_wconf 82' lang='lat' dir='ltr'><strong>vitae</strong></span> <span class='ocrx_word' id='word_1_858' title='bbox 915 5511 1043 5559; x_wconf 88' lang='lat' dir='ltr'><strong>aeternae</strong></span> <span class='ocrx_word' id='word_1_859' title='bbox 1067 5502 1165 5558; x_wconf 88' lang='lat' dir='ltr'><strong>horrea</strong></span> <span class='ocrx_word' id='word_1_860' title='bbox 1191 5521 1272 5557; x_wconf 71' lang='lat' dir='ltr'><strong>steros</strong></span> <span class='ocrx_word' id='word_1_861' title='bbox 1295 5512 1448 5573; x_wconf 83' lang='lat' dir='ltr'><strong>putamus:</strong></span> <span class='ocrx_word' id='word_1_862' title='bbox 1487 5514 1580 5559; x_wconf 84' lang='lat' dir='ltr'><strong>utrum</strong></span> <span class='ocrx_word' id='word_1_863' title='bbox 1603 5507 1667 5571; x_wconf 79' lang='lat' dir='ltr'><strong>hoc,</strong></span> <span class='ocrx_word' id='word_1_864' title='bbox 1694 5510 1771 5577; x_wconf 76' lang='lat' dir='ltr'><strong>qaod</strong></span> <span class='ocrx_word' id='word_1_865' title='bbox 1794 5509 1846 5561; x_wconf 86' lang='lat' dir='ltr'><strong>iste</strong></span> <span class='ocrx_word' id='word_1_866' title='bbox 1872 5510 2024 5581; x_wconf 87' lang='lat' dir='ltr'><strong>[Pelagius]</strong></span> 
     </span>
     <span class='ocr_line' id='line_1_59' title="bbox 326 5590 2026 5669; baseline -0.001 -18"><span class='ocrx_word' id='word_1_867' title='bbox 326 5597 508 5669; x_wconf 79' lang='lat' dir='ltr'><strong>colligentur3</strong></span> <span class='ocrx_word' id='word_1_868' title='bbox 534 5597 573 5652; x_wconf 89' lang='lat' dir='ltr'><strong>ita</strong></span> <span class='ocrx_word' id='word_1_869' title='bbox 597 5614 627 5652; x_wconf 86' lang='lat' dir='ltr'><strong>se</strong></span> <span class='ocrx_word' id='word_1_870' title='bbox 650 5596 741 5667; x_wconf 88' lang='lat' dir='ltr'><strong>ipsum</strong></span> <span class='ocrx_word' id='word_1_871' title='bbox 765 5593 878 5664; x_wconf 85' lang='lat' dir='ltr'><strong>exponit</strong></span> <span class='ocrx_word' id='word_1_872' title='bbox 902 5590 1044 5662; x_wconf 88' lang='lat' dir='ltr'><strong>apostolus</strong></span> <span class='ocrx_word' id='word_1_873' title='bbox 1067 5606 1093 5646; x_wconf 81' lang='lat' dir='ltr'><strong>v,</strong></span> <span class='ocrx_word' id='word_1_874' title='bbox 1117 5597 1163 5646; x_wconf 77' lang='lat'><strong>23:</strong></span> <span class='ocrx_word' id='word_1_875' title='bbox 1191 5590 1270 5658; x_wconf 87' lang='lat' dir='ltr'><strong>dicit,</strong></span> <span class='ocrx_word' id='word_1_876' title='bbox 1289 5608 1325 5643; x_wconf 92' lang='lat' dir='ltr'><strong>an</strong></span> <span class='ocrx_word' id='word_1_877' title='bbox 1344 5593 1422 5660; x_wconf 76' lang='lat' dir='ltr'><strong>quod</strong></span> <span class='ocrx_word' id='word_1_878' title='bbox 1431 5592 1577 5649; x_wconf 75' lang='lat' dir='ltr'><strong>Jotannss</strong></span> <span class='ocrx_word' id='word_1_879' title='bbox 1595 5595 1759 5663; x_wconf 71' lang='lat' dir='ltr'><strong>apostolus?</strong></span> <span class='ocrx_word' id='word_1_880' title='bbox 1778 5614 1847 5666; x_wconf 78' lang='lat' dir='ltr'><strong>rapo</strong></span> <span class='ocrx_word' id='word_1_881' title='bbox 1863 5614 1920 5666; x_wconf 84' lang='lat' dir='ltr'><strong>ros,</strong></span> <span class='ocrx_word' id='word_1_882' title='bbox 1939 5613 2026 5665; x_wconf 79' lang='lat' dir='ltr'><strong>quan·</strong></span> 
     </span>
     <span class='ocr_line' id='line_1_60' title="bbox 330 5676 2025 5755; baseline -0.002 -16"><span class='ocrx_word' id='word_1_883' title='bbox 330 5685 525 5755; x_wconf 75' lang='lat' dir='ltr'><strong>Unusqrss&#39;squc</strong></span> <span class='ocrx_word' id='word_1_884' title='bbox 553 5686 583 5738; x_wconf 88' lang='lat' dir='ltr'><strong>in</strong></span> <span class='ocrx_word' id='word_1_885' title='bbox 618 5700 669 5737; x_wconf 88' lang='lat' dir='ltr'><strong>suo</strong></span> <span class='ocrx_word' id='word_1_886' title='bbox 704 5682 818 5749; x_wconf 85' lang='lat' dir='ltr'><strong>ordine,</strong></span> <span class='ocrx_word' id='word_1_887' title='bbox 851 5679 996 5751; x_wconf 84' lang='lat' dir='ltr'><strong>primitiae</strong></span> <span class='ocrx_word' id='word_1_888' title='bbox 1028 5676 1163 5744; x_wconf 71' lang='lat' dir='ltr'><strong>Christus,</strong></span> <span class='ocrx_word' id='word_1_889' title='bbox 1190 5678 1287 5731; x_wconf 84' lang='lat' dir='ltr'><strong>talibet</strong></span> <span class='ocrx_word' id='word_1_890' title='bbox 1303 5680 1413 5741; x_wconf 81' lang='lat' dir='ltr'><strong>fuerint</strong></span> <span class='ocrx_word' id='word_1_891' title='bbox 1431 5679 1462 5732; x_wconf 86' lang='lat' dir='ltr'><strong>in</strong></span> <span class='ocrx_word' id='word_1_892' title='bbox 1479 5680 1531 5734; x_wconf 82' lang='lat' dir='ltr'><strong>isac</strong></span> <span class='ocrx_word' id='word_1_893' title='bbox 1549 5681 1843 5750; x_wconf 71' lang='lat' dir='ltr'><strong>corporeeccsllents&#39;a</strong></span> <span class='ocrx_word' id='word_1_894' title='bbox 1859 5682 2025 5752; x_wconf 85' lang='lat' dir='ltr'><strong>sanctitatis,</strong></span> 
     </span>
     <span class='ocr_line' id='line_1_61' title="bbox 326 5763 2025 5841; baseline 0.001 -19"><span class='ocrx_word' id='word_1_895' title='bbox 326 5774 431 5828; x_wconf 78' lang='lat' dir='ltr'><strong>deinde</strong></span> <span class='ocrx_word' id='word_1_896' title='bbox 447 5772 480 5841; x_wconf 86' lang='lat' dir='ltr'><strong>ii,</strong></span> <span class='ocrx_word' id='word_1_897' title='bbox 498 5772 549 5841; x_wconf 71' lang='lat' dir='ltr'><strong>pai</strong></span> <span class='ocrx_word' id='word_1_898' title='bbox 562 5778 627 5825; x_wconf 87' lang='lat' dir='ltr'><strong>sunt</strong></span> <span class='ocrx_word' id='word_1_899' title='bbox 641 5770 754 5824; x_wconf 77' lang='lat' dir='ltr'><strong>&#39;Christi</strong></span> <span class='ocrx_word' id='word_1_900' title='bbox 771 5770 802 5824; x_wconf 90' lang='lat' dir='ltr'><strong>in</strong></span> <span class='ocrx_word' id='word_1_901' title='bbox 821 5771 943 5823; x_wconf 85' lang='lat' dir='ltr'><strong>adventu</strong></span> <span class='ocrx_word' id='word_1_902' title='bbox 960 5766 1028 5833; x_wconf 76' lang='lat' dir='ltr'><strong>ejus.</strong></span> <span class='ocrx_word' id='word_1_903' title='bbox 1190 5765 1218 5816; x_wconf 87' lang='lat' dir='ltr'><strong>si</strong></span> <span class='ocrx_word' id='word_1_904' title='bbox 1235 5764 1287 5818; x_wconf 81' lang='lat' dir='ltr'><strong>toa</strong></span> <span class='ocrx_word' id='word_1_905' title='bbox 1306 5763 1478 5833; x_wconf 68' lang='lat' dir='ltr'><strong>interrogari</strong></span> <span class='ocrx_word' id='word_1_906' title='bbox 1489 5766 1660 5838; x_wconf 83' lang='lat' dir='ltr'><strong>potuissent,</strong></span> <span class='ocrx_word' id='word_1_907' title='bbox 1687 5786 1746 5823; x_wconf 86' lang='lat' dir='ltr'><strong>utta</strong></span> <span class='ocrx_word' id='word_1_908' title='bbox 1764 5785 1832 5825; x_wconf 81' lang='lat' dir='ltr'><strong>occe</strong></span> <span class='ocrx_word' id='word_1_909' title='bbox 1848 5770 2025 5838; x_wconf 85' lang='lat' dir='ltr'><strong>clamassent,</strong></span> 
     </span>
    </p>
   </div>
   <div class='ocr_carea' id='block_1_4' title="bbox 0 0 2514 6675">
    <p class='ocr_par' dir='ltr' id='par_1_4' title="bbox 0 0 2514 6675">
     <span class='ocr_line' id='line_1_62' title="bbox 0 0 2514 6675; baseline 0 1"><span class='ocrx_word' id='word_1_910' title='bbox 0 0 2514 6675; x_wconf 95' lang='lat' dir='ltr'><strong> </strong></span> 
     </span>
    </p>
   </div>
  </div>
 </body>
</html>
