5017 6675
740 525 1593 616 ιιιιιιιιιιιιιιιιιιιιιιιιοιιιιιιιιιιιιιιιιι
1953 558 2011 616 ιιι

317 699 393 755 alter
422 698 526 755 dicitur
554 699 668 756 alterius
698 700 797 775 imago.
845 701 971 775 Denique
1000 720 1051 774 pro
1081 698 1155 757 omni
1183 719 1243 766 mm
1256 708 1281 753 et
1295 699 1585 768 emminemcoelsstis.
1604 698 1662 755 Col.
1683 703 1707 765 3,
1724 715 1750 753 v.
1770 704 1815 755 16:
1833 703 2013 758 massiano

319 786 440 842 univoce
458 786 594 858 producte
611 787 648 843 ab
668 787 737 854 ulio,
756 789 830 861 quod
849 789 1001 846 secundum
1021 787 1155 844 rationem
1182 795 1331 841 renovatur
1350 786 1380 839 in
1399 785 1567 854 agnitionem
1591 786 1661 855 Dei,
1691 788 1841 841 seeundum
1864 787 2013 858 imaginem

319 890 389 929 suae
412 873 602 944 productionis
625 873 788 945 producitur
811 880 844 930 ut
866 876 964 934 simile
1011 874 1058 934 Sic
1082 874 1155 930 filins
1183 873 1258 942 ejus,
1283 873 1333 944 gui
1345 872 1421 940 feeit
1444 872 1532 926 illum
1567 876 1594 926 3.
1613 873 1764 943 Scriptura
1784 875 1942 944 promiscue
1959 878 2013 930 bae

320 966 366 1014 est
383 959 477 1031 imago
495 960 589 1029 patris.
1182 960 1212 1012 in
1225 968 1312 1030 parte
1329 959 1468 1029 loquitu&
1486 958 1641 1028 aliquando
1655 960 1738 1029 ponit
1754 967 1899 1030 serumque
1915 980 2012 1016 nornen

261 1050 295 1090 ⁸¹²
358 1052 398 1102 15
432 1046 587 1099 Faciamus
613 1046 748 1101 bominem
775 1048 850 1101 ad
837 1048 987 1118 imaginem
1012 1056 1039 1102 st
1057 1047 1156 1101 simili·
1183 1046 1314 1116 imaginis
1337 1054 1362 1100 et
1384 1044 1612 1100 eimiiitudinie
1600 1063 1630 1097 ιιι
1654 1047 1749 1100 eodem
1766 1064 1847 1116 casu,
1872 1049 2013 1111 faciamus

257 1112 306 1246 :aa
320 1132 447 1185 tudinem
458 1139 591 1201 nostrum,
604 1132 672 1187 dicit
682 1132 806 1203 Elohim
827 1140 920 1189 mouet
930 1133 1058 1189 Peresius
1069 1133 1118 1189 lib.
1131 1138 1155 1188 4.
1182 1132 1318 1187 bominem
1347 1134 1388 1186 ud
1416 1133 1565 1201 imaginem
1593 1140 1619 1186 et
1644 1131 1856 1187 similitudinem
1881 1143 2013 1197 nostram,

258 1276 268 1286 ‚
320 1217 352 1272 in
367 1215 438 1273 Gen.
462 1237 490 1289 p.
517 1223 575 1274 tta.
600 1235 710 1274 sensum
728 1174 811 1291 hujuls
828 1219 915 1275 divini
936 1220 1027 1276 effati.
1050 1221 1155 1274 Facia-
1182 1216 1252 1274 Gen
1279 1225 1306 1289 1,
1329 1237 1354 1273 v.
1379 1224 1427 1289 26,
1457 1220 1613 1289 oligisando
1632 1219 1715 1288 ponit
1739 1227 1883 1289 utrumque
1907 1238 2014 1285 nomen,

262 1310 291 1349 ιι
322 1303 533 1358 ιιιιιιΙιοιιιιιιιιιι
547 1305 613 1358 ad
600 1307 748 1375 imaginem
760 1313 786 1359 et
798 1306 1011 1361 similitudinem
1031 1314 1155 1360 nostram
1181 1304 1261 1359 sed
1248 1323 1279 1358 en
1297 1323 1364 1358 casu
1381 1306 1500 1372 diuerso,
1521 1307 1714 1359 creavitDeue
1731 1305 1868 1360 bominem
1886 1307 1956 1359 ad'
1944 1324 2013 1360 smu-

258 1361 308 1453 120.
323 1390 456 1443 comtitui
474 1406 558 1459 posse
576 1391 728 1460 geminum,·
755 1392 854 1447 etenim
868 1410 954 1461 posse
974 1392 1096 1460 intelligi
1112 1391 1155 1444 vei
1180 1391 1271 1458 ginem
1287 1391 1484 1445 similitudinis
1500 1409 1575 1448 suae.
1611 1392 1674 1461 Sap.
1697 1397 1727 1459 2,
1747 1409 1772 1445 ι.
1791 1396 1837 1447 23:
1855 1391 2013 1461 aliquando

257 1475 273 1504 ¹·
324 1477 361 1529 de
383 1475 521 1544 insagins,
548 1493 620 1546 guae
644 1485 684 1531 est
705 1478 735 1530 in
756 1480 835 1543 Deo,
862 1479 904 1532 ita
924 1486 954 1532 ut
974 1479 1033 1532 Dei
1052 1486 1155 1531 natura
1182 1476 1282 1530 omittit
1311 1494 1410 1530 nomen
1441 1478 1650 1546 similitudinis,
1684 1478 1782 1547 posita
1813 1485 1920 1531 tantum
1950 1495 2015 1532 voce

323 1570 465 1615 domatur
483 1570 615 1631 tanguam
628 1564 778 1633 memplar,
797 1565 931 1633 aiicujus
942 1563 1155 1633 similitudinem
1183 1562 1329 1632 imaginis,
1358 1570 1400 1627 ut,
1424 1565 1465 1617 ad
1486 1564 1635 1633 imaginem
1652 1565 1734 1618 DEI
1752 1559 1850 1630 faetus
1869 1571 1908 1617 est
1925 1565 2015 1618 tomo.
2107 1618 2110 1622 ,

323 1647 404 1702 bomo
420 1649 458 1702 eit
475 1648 622 1717 emmenn-
642 1657 667 1703 ιι
684 1649 725 1702 sie
745 1665 884 1718 emergere
902 1651 974 1703 bunc
991 1667 1100 1703 sensum
1112 1649 1155 1704 di·
1182 1645 1283 1705 Geues.
1304 1654 1328 1712 9,
1346 1667 1372 1702 v.
1393 1654 1417 1704 6.
1452 1648 1530 1704 Haec
1547 1649 1684 1706 Peresius.

323 1735 383 1787 m'ni
397 1734 478 1788 iliius
498 1735 614 1805 sesiptiJ
626 1735 775 1803 faeiumus
792 1735 928 1790 bominem
948 1736 1040 1804 talem,
1059 1735 1155 1806 gaules
1219 1740 1257 1790 19.
1293 1734 1431 1790 Addimus
1461 1734 1529 1790 haec
1566 1752 1600 1791 ex
1632 1734 1787 1805 Scriptura:
1835 1733 1904 1790 Cum
1936 1733 2014 1790 Deus

322 1838 373 1874 nos
402 1839 514 1891 sumus,·
541 1821 585 1874 uei
614 1823 649 1876 de
680 1822 802 1890 imagine
828 1830 937 1892 ιιιαιιι,
964 1838 1035 1906 gaqe
1061 1829 1101 1875 eet
1125 1822 1156 1874 in
1181 1828 1324 1878 creaturus
1341 1822 1479 1878 hominem
1500 1823 1575 1878 dicit.
1605 1823 1705 1878 Genea.
1729 1831 1751 1892 1,
1769 1840 1794 1877 ι.
1811 1828 1858 1879 26:
1871 1823 2015 1887 faciamus

322 1906 446 1976 bomine,
473 1915 504 1961 nt
522 1908 560 1961 sit
576 1923 687 1961 senna:
713 1909 858 1974 faciamus
874 1908 1010 1962 bominem
1028 1909 1101 1961 odeo
1118 1908 1155 1960 si·
1181 1909 1316 1964 bominem
1343 1911 1384 1963 ad
1410 1909 1560 1977 imaginem
1588 1918 1614 1963 et
1639 1909 1852 1963 similitudinem
1881 1918 2013 1973 nostram,

320 1992 413 2046 mitem
430 1995 529 2063 nostri,
548 2003 579 2047 ut
596 1995 624 2047 si
640 1996 701 2063 ipm
713 1996 787 2050 velut
801 1997 941 2066 quaedam
952 2002 1049 2048 nostra
1062 1994 1155 2062 imago
1181 1995 1327 2051 confestim
1343 2012 1370 2052 v.
1388 2002 1430 2052 tt.
1449 1995 1594 2067 subjungit
1612 1995 1738 2066 Moyses:
1757 1997 1797 2049 Et
1815 1997 1920 2049 creavit
1934 1998 2014 2049 Deus

322 2085 348 2131 et
364 2079 490 2150 effigies,
515 2088 640 2134 nostram
658 2088 805 2151 naturam,
826 2082 893 2151 vim,
916 2080 1085 2150 sapientiam
1105 2089 1154 2135 etc.
1181 2083 1317 2137 bominem
1349 2085 1391 2136 ad
1418 2084 1568 2151 imaginem
1593 2099 1685 2147 suam,
1714 2085 1755 2137 ad
1780 2082 1928 2150 imaginem
1957 2082 2016 2135 Dei

321 2174 544 2234 repraesentans.
581 2165 636 2222 Sed
659 2160 777 2240 utraque
794 2167 940 2239 explicatio
960 2167 1057 2223 eodem
1075 2167 1155 2233 redit,
1181 2169 1285 2224 meavit
1303 2169 1396 2238 ιἰιιιιη,
1414 2174 1499 2240 atque
1516 2167 1556 2223 ibi
1575 2167 1678 2224 omittit
1696 2185 1793 2224 vocem
1809 2167 2011 2223 similitudinis:

321 2250 389 2323 quia
411 2251 486 2306 enim
509 2252 632 2323 bonitas,
659 2254 797 2325 sapientia
821 2260 849 2310 et
871 2254 981 2326 justitia
1008 2261 1074 2309 sunt
1094 2254 1156 2324 ipsa
1181 2254 1255 2309 unde
1278 2253 1446 2326 colligimus,
1471 2255 1546 2327 quod
1563 2254 1640 2326 prius
1659 2261 1776 2326 utroquo
1794 2255 1929 2310 vocabulo
1947 2254 2014 2308 ima-

321 2337 377 2392 Dei
387 2338 516 2408 essenus,
533 2338 598 2395 ideo
609 2339 690 2396 homo
703 2345 812 2396 creatus
825 2341 855 2396 in
866 2339 1000 2410 bonitate,
1019 2340 1155 2411 sapientia
1181 2341 1254 2412 ginis
1279 2347 1308 2396 ιι
1332 2341 1519 2397 similiuidinis
1544 2340 1723 2412 efferebatur,
1748 2342 1777 2396 id
1791 2343 1851 2413 jam
1869 2342 1928 2396 sola
1947 2358 2014 2396 voce

322 2432 350 2479 et
363 2425 495 2522 justitia,
519 2426 556 2481 ad
577 2427 725 2499 imaginem
742 2427 797 2484 Dei
821 2427 875 2483 fuit
892 2427 996 2483 iactus:
1023 2427 1154 2496 vicissim,
1181 2427 1311 2500 imaginis
1334 2428 1483 2498 enuntiari,
1513 2428 1616 2499 quippe
1634 2429 1696 2499 jam
1718 2433 1801 2484 antea
1821 2426 2014 2483 declarationis

323 2511 390 2583 quia
421 2508 450 2567 iii
482 2512 591 2569 homine
621 2514 726 2570 relucet
757 2514 849 2586 imago
876 2513 986 2568 divinem
1014 2512 1154 2581 ιιιιιὶιιιιι,
1181 2515 1274 2587 grafia
1302 2514 1406 2570 dictum
1431 2520 1505 2585 erat,
1534 2513 1683 2586 imaginem
1707 2513 1785 2570 illem
1811 2513 1871 2570 iore
1898 2513 2013 2570 similem

324 2597 479 2668 sapientiae
498 2604 527 2654 et
539 2599 675 2669 justitiae,
691 2599 754 2656 ideo
773 2599 836 2655 ad'
828 2599 977 2708 maginem
992 2598 1047 2655 Dei
1065 2599 1156 2654 factus
1183 2607 1340 2673 prototypo.

323 2689 401 2739 reete
420 2683 521 2740 dicitur
539 2691 568 2740 ιι
585 2685 716 2742 creditur
1217 2693 1258 2745 20.
1294 2686 1367 2753 Quia
1389 2688 1463 2743 enim
1486 2704 1549 2743 non
1562 2685 1650 2741 om‘nis
1667 2685 1760 2758 imago
1777 2692 1819 2741 est
1836 2686 1937 2741 similis
1951 2703 2013 2770 pre

257 2771 313 2854 :⁸
363 2774 403 2827 16.
447 2769 495 2823 An
520 2786 585 2826 sero
611 2770 698 2840 idem,
727 2788 764 2826 an
788 2771 926 2828 diversum
948 2770 1031 2844 quid,
1061 2775 1158 2826 notant
1182 2780 1294 2847 totypo,
1319 2773 1377 2829 ιι
1368 2791 1430 2846 ipsa
1454 2773 1549 2829 ratio
1540 2772 1669 2844 imaginis
1687 2771 1769 2826 Dei
1760 2789 1790 2827 ιιι
1807 2770 1918 2828 homine
1934 2774 2012 2835 vana

270 2871 407 2956 gob-voces
430 2855 560 2935 imaginis
582 2862 612 2912 et
636 2812 844 2913 similitudinis?
866 2857 949 2912 Multi
968 2874 1001 2912 ex
1019 2855 1158 2913 veteribus
1183 2877 1217 2916 ac
1240 2860 1385 2932 multiplex
1410 2859 1558 2932 excogitari
1580 2864 1685 2931 potest,
1708 2863 1741 2913 ut
1765 2857 1883 2914 diremi
1905 2867 2014 2915 senten·

257 2927 287 3008 ,¹
288 2928 466 3012 statuum,
482 2941 620 2999 hominem
636 2942 742 2999 iactum
759 2944 821 2999 ad
813 2944 963 3016 imaginem
980 2942 1046 3008 Dei,
1066 2941 1157 3016 quoad
1182 2946 1283 3001 tiarum
1310 2946 1340 3001 in
1365 2945 1491 3017 peti-ibus
1518 2950 1668 3015 testantur,
1693 2944 1756 3001 ideo
1782 2944 1894 3001 Deus
1885 2962 1945 3017 ipse
1972 2945 2014 3000 in-

257 3020 309 3111 ffi'
326 3017 487 3085 suentiales
529 3031 638 3086 animae
674 3029 841 3098 ιιιιιιιιιι,
887 3029 993 3086 seilicet
1030 3035 1162 3094 mentem,
1182 3031 1394 3104 smtigationeiu
1420 3049 1502 3093 verae
1527 3032 1679 3089 sententiae
1702 3031 1839 3101 ostendit,
1862 3036 1947 3103 atque
1965 3032 2014 3087 ad·

257 3072 305 3164 aar
325 3115 496 3171 voluntatem
522 3123 550 3171 ιι
574 3116 749 3182 memoriam,
777 3122 830 3173 etc.
873 3116 1086 3176 Similitudinum
1109 3133 1157 3172 au·
1184 3118 1243 3174 dita
1261 3135 1328 3175 voce
1345 3116 1532 3173 similitudinis
1550 3117 1651 3183 docuit,
1670 3117 1754 3174 talem
1773 3117 1859 3174 tuisse
1876 3117 2013 3173 hominem

324 3207 380 3258 tem
407 3201 528 3274 spectari
553 3203 582 3257 in
605 3203 786 3274 qualitatibus
810 3203 934 3269 animae,
959 3203 1033 3274 quod
1050 3202 1157 3259 intelle·
1182 3204 1270 3277 primo
1288 3204 1437 3274 cauditum,
1457 3204 1534 3260 utin
1552 3204 1613 3275 ipso
1630 3204 1723 3277 imago
1741 3221 1792 3276 per
1809 3203 1901 3273 omnia
1918 3203 2014 3258 similis

323 3295 384 3345 ctus
408 3288 578 3345 illuminatus
601 3289 670 3358 tide,
695 3289 827 3347 memoria
845 3288 1005 3346 confirmata
1022 3306 1086 3361 spe,
1109 3306 1157 3344 vo·
1183 3290 1301 3347 creatori
1320 3297 1486 3349 cameratur.
1523 3291 1632 3359 Ζιιιιιι,
1649 3291 1690 3347 ait
1706 3289 1835 3347 Peresius
1853 3290 1924 3348 libro
1941 3297 1966 3348 ι.
1985 3289 2014 3346 in

324 3376 415 3431 luntas
441 3376 566 3432 caritate.
612 3375 673 3432 Hos
698 3376 823 3449 sequitur
846 3375 1004 3432 Bellarmiu
1029 3375 1065 3430 de
1083 3380 1155 3448 grat
1182 3377 1252 3435 Gen
1270 3396 1298 3450 p.
1316 3385 1374 3435 472.
1399 3379 1540 3447 signifieat
1560 3380 1681 3448 propris
1704 3379 1830 3432 umbram
1853 3379 1897 3433 vel
1914 3379 2013 3450 nmili-

324 3462 406 3533 primi
431 3460 550 3517 hominis
576 3480 600 3517 ι.
625 3468 649 3519 2.
684 3463 767 3520 Unde
788 3463 876 3535 etiam
899 3461 1044 3519 haereseos
1061 3466 1155 3517 notam
1181 3466 1306 3521 tudinem
1323 3465 1506 3530 umbratilem,
1524 3465 1558 3519 id
1575 3473 1624 3533 est,
1644 3465 1814 3529 deficientem
1832 3471 2013 3523 senensium

325 3549 378 3604 illis
408 3549 553 3619 asscribit,
581 3550 629 3621 qui
658 3567 708 3622 per
734 3555 880 3622 peccatum
911 3549 941 3605 in
966 3548 1156 3621 spiritualibus
1181 3560 1242 3607 tem.
1282 3552 1406 3605 Demutb
1425 3558 1516 3604 autem
1534 3550 1771 3606 assimilationem

326 3636 455 3691 amissam
471 3642 501 3692 ιι
516 3635 691 3693 obliteratam
712 3653 772 3692 esse
789 3635 844 3692 Dei
861 3635 1010 3709 imaginem
1026 3634 1155 3691 sentiunt
1217 3643 1258 3693 21.
1312 3635 1456 3706 Diligenti
1491 3637 1681 3691 οιιιιιαιιοιιι
1720 3636 1906 3705 deprehendi,
1945 3635 2014 3691 dicit

327 3729 350 3779 4.
369 3722 495 3778 deuotis
512 3721 619 3779 Eccles.
638 3739 664 3778 c.
683 3731 707 3780 9.
932 3754 939 3775 ι
1181 3723 1217 3779 D.
1235 3723 1349 3779 Lutlier.
1370 3739 1454 3795 super
1472 3728 1495 3777 5.
1512 3720 1612 3777 Geues.
1631 3727 1718 3793 ιιι,
1741 3723 1819 3791 guod
1834 3721 1931 3776 Zelem
1945 3738 2012 3791 pso·

360 3815 401 3865 17.
437 3808 510 3865 Sane
533 3826 607 3865 error
625 3826 743 3881 magnus
761 3815 789 3865 ιι
806 3807 927 3865 ιιιιιιιιι
945 3813 999 3873 est,
1021 3807 1045 3863 si
1062 3806 1155 3879 imago
1177 3810 1244 3878 grie
1265 3810 1392 3864 vocarint
1410 3808 1559 3876 imaginem
1576 3808 1634 3862 eius
1646 3808 1784 3879 figuram,
1808 3816 1839 3862 ut
1856 3826 1917 3862 cum
1936 3808 2012 3863 aas·

326 3891 378 3951 Dei
395 3895 425 3950 in
445 3895 555 3951 homin'e
574 3896 610 3950 ad
628 3895 717 3966 ipsam
733 3894 1000 3951 animaeesseutiain
1011 3892 1154 3963 referetur,
1177 3902 1266 3965 ptura
1295 3895 1379 3950 dicit:
1404 3894 1549 3949 Destruite
1575 3910 1643 3948 uras
1669 3893 1822 3961 imaginum
1850 3901 2012 3963 mironem,

326 3988 353 4037 et
373 3989 442 4038 tunc
458 3982 569 4053 perdita
585 3982 707 4037 dicatur:
732 3981 875 4054 Siquidem
893 3987 961 4036 tunc
977 3979 1059 4036 hoino
1074 3980 1155 4051 lapsu
1180 3982 1221 4036 ibi
1243 3982 1407 4037 uocabulum
1428 3980 1502 4035 nibil
1525 3980 1607 4035 aliud
1628 3980 1781 4050 signifieat,
1804 3998 1888 4050 guam
1907 3982 2013 4049 sigum

257 4064 316 4115 itti.
327 4086 375 4124 suo
394 4068 485 4140 ipsam
503 4068 620 4124 animae·
631 4068 778 4124 ιιιιιιιίιιιιι
792 4068 941 4132 ιιιιίιίιιιι,
957 4083 990 4122 ac
1007 4066 1154 4122 dicendum
1181 4077 1419 4138 mantuanense
1432 4068 1583 4137 eriguntur.
1613 4067 1735 4121 Demutb
1749 4084 1814 4121 vero
1826 4068 1903 4136 guod
1914 4067 2013 4122 simili-

328 4160 413 4219 ssset,
437 4170 537 4209 novam
560 4153 589 4207 in
606 4152 717 4209 homine
737 4154 858 4209 ammam
874 4160 989 4225 peccato
1008 4152 1154 4209 obnoxiam
1180 4157 1305 4211 tudinem
1321 4155 1469 4225 signifieat,
1488 4161 1527 4207 est
1542 4154 1685 4223 perfectio
1705 4154 1843 4222 imaginis.
1882 4154 2015 4224 Exempli

327 4248 390 4313 post
413 4240 521 4311 lapsum
545 4244 686 4309 meatum·
708 4239 738 4294 id
763 4257 829 4296 iero
854 4257 906 4296 nec
932 4239 1043 4296 diabolo
1070 4240 1154 4296 tribu
1180 4259 1280 4312 eausa,
1308 4259 1369 4296 eum
1392 4241 1532 4311 loquimur
1557 4242 1591 4294 de
1620 4241 1742 4308 imagine
1767 4249 1890 4306 mmtua,
1915 4240 2013 4309 gustes

326 4334 423 4398 posset,
443 4327 510 4399 quia
526 4326 618 4382 mima
630 4326 687 4394 illa,
703 4344 737 4382 ex
750 4326 906 4399 hypothesi,
924 4334 1018 4383 creata
1028 4334 1084 4395 est,
1102 4343 1154 4382 nec
1179 4336 1243 4383 sunt
1260 4328 1290 4381 in
1305 4327 1488 4397 numismatis,
1506 4327 1642 4381 dicimus:
1658 4326 1739 4379 Haec
1757 4333 1798 4380 est
1817 4327 1908 4396 imago
1918 4326 2012 4394 Bruti,

326 4411 392 4485 Deo,
409 4414 476 4486 quia
492 4420 608 4487 peccato
627 4414 747 4470 obnoxia
765 4421 816 4470 est.
1181 4416 1327 4483 Caesarie
1349 4415 1401 4468 sed
1424 4432 1458 4468 ea
1482 4414 1575 4482 imago
1599 4429 1657 4465 non
1678 4413 1769 4478 refert
1793 4412 2012 4483 similitudinem,

357 4508 398 4558 18.
434 4502 493 4559 Νοι
521 4501 670 4573 imaginem
693 4507 721 4557 et
743 4500 950 4557 similitudinem
973 4517 1028 4556 non
1051 4501 1091 4555 ita
1114 4500 1153 4556 di·
1179 4519 1235 4554 non
1250 4500 1370 4555 ostendit
1387 4500 1554 4555 lineasnmta
1571 4499 1674 4552 omnia.
1706 4496 1789 4559 Quod
1799 4498 1885 4566 igitur
1897 4500 2012 4568 Mogses

325 4588 502 4661 stinguimutn
528 4587 654 4642 utillum
671 4586 708 4642 ad
725 4587 833 4643 animae
849 4587 1010 4657 essentiam,
1027 4587 1098 4643 hanc
1116 4588 1152 4641 ad
1179 4588 1248 4642 dicit
1273 4588 1410 4641 bominem
1431 4586 1577 4640 etiamad
1597 4584 1810 4638 similitudinem
1829 4585 1889 4638 Dei
1896 4586 2011 4652 suetum

324 4676 513 4744 sanctitatem,
534 4674 685 4747 justitiam,
709 4674 764 4729 Dei
786 4673 971 4747 cognitionem
990 4680 1042 4730 ιιι
1059 4673 1089 4729 iu
1105 4673 1153 4728 ho·
1179 4692 1250 4742 esse,
1275 4673 1395 4727 ostendit
1416 4673 1492 4740 guod
1508 4671 1588 4724 domo
1607 4687 1664 4724 non
1682 4670 1773 4724 solum
1790 4672 1900 4737 referat
1917 4673 2010 4725 Deum

323 4763 396 4818 mine
412 4761 573 4845 mieramus,
588 4761 637 4816 sed
655 4760 728 4817 idem
747 4765 867 4832 utroque
883 4759 1018 4816 vocabulo
1031 4759 1154 4831 exprimi,
1178 4761 1208 4814 in
1225 4777 1275 4825 ιο,
1294 4759 1371 4829 guod
1387 4757 1523 4811 rationem
1541 4773 1590 4810 seu
1608 4755 1777 4811 intellectum
1794 4764 1821 4811 et
1839 4757 2007 4811 solumatem

322 4858 349 4904 et
374 4831 563 4904 similitudinis
587 4864 683 4904 rocem
707 4848 869 4919 ἐξηγητικοῖς
887 4847 1077 4918 accipiendam
1094 4862 1153 4902 esse
1179 4847 1275 4914 babet,
1301 4846 1352 4898 sed
1377 4843 1462 4898 etiam
1486 4842 1563 4910 guod
1584 4841 1664 4895 babet
1686 4842 1898 4896 similitudinem
1924 4841 2009 4910 DEI,

321 4936 478 4991 statuimus.
512 4935 605 5002 Qua
597 4952 626 4989 ιιι
650 4940 730 5033 perte
755 4935 920 4990 seutentiam
945 4942 1067 4989 nostram
1091 4949 1152 5004 pso-
1178 4933 1229 4986 boe
1247 4939 1295 5000 est,
1313 4930 1481 4988 uoluntatem
1498 4936 1525 4982 et
1543 4926 1710 4982 intellectum
1728 4928 1826 4995 talem,
1845 4945 1899 4997 guo
1917 4928 2010 4982 Deum

318 5026 431 5095 pugnat
447 5021 588 5091 Pererius,
611 5020 658 5091 qui
680 5036 698 5074 a
720 5020 835 5092 reliquis
851 5018 1004 5075 Pontificiis
1029 5019 1075 5074 hic
1099 5019 1152 5074 dis·
1179 5018 1317 5087 intelligit,
1336 5035 1390 5087 guo
1403 5016 1471 5085 vuit,
1489 5031 1560 5085 guae
1578 5015 1659 5069 Deus
1677 5014 1743 5072 uuit.

318 5110 396 5166 oedit
421 5108 484 5163 libr.
510 5115 535 5164 4.
562 5107 591 5162 in
618 5104 718 5162 Genea.
745 5122 772 5178 p.
792 5112 858 5175 474,
885 5107 965 5176 eujus
990 5111 1154 5178 argumenta
1213 5100 1619 5172 22.1ndoprovenit,quod
1644 5100 1700 5155 duo
1724 5100 1773 5155 illa
1789 5099 1926 5155 vocabula
1943 5099 2009 5154 ima·

316 5194 390 5251 haec
410 5199 488 5249 sunt:
521 5200 544 5251 1.
562 5193 604 5250 Ut
622 5191 692 5248 Gen.
709 5199 732 5257 l,
750 5211 776 5247 v.
790 5199 833 5248 26.
854 5192 1153 5261 dicituriiomofoetue
1178 5190 1250 5262 ginis
1274 5196 1302 5244 et
1328 5186 1514 5243 similitudinis
1541 5183 1610 5242 Gen
1638 5193 1666 5256 1,
1689 5204 1714 5241 v.
1740 5191 1781 5241 26
1803 5193 1938 5257 usurpata
1961 5188 2009 5242 uni

317 5286 366 5337 od
396 5282 547 5348 imaginem
581 5287 610 5333 et
643 5279 857 5335 similitudinem
890 5280 965 5347 Dei,·
998 5280 1039 5333 sie
1073 5279 1153 5342 infra
1177 5284 1276 5348 postea
1295 5274 1437 5330 vocabulo
1464 5272 1655 5341 includuntur,
1686 5271 1757 5331 Gen.
1784 5280 1866 5342 5,v.
1895 5274 2010 5338 [feeit

316 5367 423 5425 Genea
441 5373 469 5436 5,
494 5384 521 5421 v.
539 5372 563 5421 3.
584 5365 688 5438 legitur
704 5367 802 5419 Adam
822 5366 950 5435 genuisse
976 5366 1066 5431 tilium
1088 5344 1260 5428 SetbiDeue
1281 5362 1418 5417 bominem
1441 5361 1483 5413 ad
1504 5358 1715 5414 similitudinem
1736 5359 1865 5424 Elobim,
1892 5366 1920 5416 et
1940 5359 2009 5417 haec

317 5458 362 5510 ad
384 5453 535 5521 imaginem
554 5460 579 5506 et
595 5451 813 5505 similitudinem
826 5468 922 5521 mam,
947 5451 996 5504 ubi
1012 5438 1168 5505 distinetio'
1179 5448 1346 5517 similitudo,
1371 5446 1408 5500 ad
1432 5462 1515 5517 quam
1539 5443 1631 5498 Adam
1654 5444 1796 5514 conditus,
1820 5453 1918 5517 postea
1940 5464 1965 5500 ι.
1984 5453 2008 5502 3.

318 5542 375 5597 uta
403 5558 461 5595 non
483 5539 564 5593 babet
587 5539 685 5596 lemn
726 5542 752 5594 2.
777 5538 886 5592 Paulus
908 5554 1001 5592 vocem
1024 5537 1155 5606 imaginis
1180 5534 1359 5606 distinguitur
1381 5532 1417 5589 ab
1441 5531 1520 5587 illa
1512 5531 1632 5603 imagine
1657 5538 1686 5586 et
1708 5531 1900 5604 similitudine,
1926 5550 2011 5605 quani

318 5645 406 5698 saepe
434 5636 554 5697 emigrat
581 5642 638 5697 pro
669 5625 870 5690 similitudine,
903 5641 975 5694 guae
1013 5624 1043 5677 in
1073 5625 1156 5678 donn
1180 5619 1321 5694 gignendo
1337 5619 1366 5674 in
1385 5618 1486 5675 liberos
1503 5635 1567 5673 suos
1584 5618 1757 5690 propagavit.
1791 5618 1895 5674 Genuit
1914 5620 2010 5674 Adam

319 5715 454 5783 grmuib's
484 5722 511 5767 et
532 5713 794 5783 superstaturalibus
822 5711 958 5767 resumit.
992 5713 1014 5765 1.
1033 5707 1095 5765 Cor.
1117 5717 1155 5779 15,
1183 5708 1248 5763 sesi
1271 5707 1313 5761 ad
1338 5707 1487 5775 imaginem
1505 5714 1529 5759 et
1547 5704 1759 5759 similitudinem
1777 5724 1872 5774 suam·
1899 5721 1955 5761 non
1972 5705 2009 5759 ad

321 5817 350 5856 v.
372 5807 422 5856 66:
453 5800 533 5855 Sicut
553 5800 730 5869 portabimus
752 5798 900 5865 imaginem
925 5796 1041 5866 terrem,
1063 5804 1156 5864 porte·
1180 5793 1330 5865 imaginem
1348 5794 1416 5860 Dei,
1438 5792 1487 5848 sed
1505 5792 1542 5847 ad
1559 5805 1621 5848 eum
1639 5792 1800 5864 imaginem,
1817 5809 1887 5863 quae
1904 5798 1964 5847 tum
1980 5791 2010 5846 iu
