5017 6675
448 442 510 516 m
547 385 556 401 ·
597 476 602 485 ·
751 482 760 501 .
1118 438 1487 502 mcuauunaomua

448 598 531 658 nn!
543 586 649 672 praba
665 599 719 654 ssd
735 614 799 657 sors
811 595 949 667 motin,
973 612 1047 668 qaae
1063 595 1225 651 messario
1243 602 1285 649 est
1311 612 1346 648 oo
1363 597 1414 650 sat
1427 595 1851 667 peecetnmoenasdarosliom.
1863 605 1888 668 ¹1,
1904 616 1931 655 r.
1945 605 1986 657 tt
2018 603 2045 656 t.
2063 601 2150 657 ress»

448 689 491 744 ud
506 687 682 755 sociadem,
701 685 778 756 qitod
794 676 910 739 DEUS
924 683 1077 755 praecipit,
1095 683 1140 737 vel
1156 685 1196 736 nd
1207 683 1286 752 quod
1310 699 1369 736 esse
1383 697 1439 754 per
1456 683 1546 754 legem
1558 691 1707 755 peccmm
1719 685 1852 756 cognosci
1862 693 1889 740 et
1906 685 1996 756 legem
2009 702 2070 742 esse
2082 688 2150 744 bone

448 776 592 844 bortatur,
618 772 723 827 remisi
745 773 854 840 demes,
881 769 948 824 iada
964 769 1152 838 Aapmtiaum
1171 769 1202 823 in
1220 769 1285 822 tior.
1309 769 1423 822 vivendi
1434 772 1586 838 ‘normum‚
1614 788 1676 824 cram
1700 771 1766 826 ideo
1791 773 1875 827 detw
1900 773 1959 843 lec,
1982 790 2038 845 por
2063 793 2150 845 msam

449 863 486 916 dc
505 868 626 930 corrept.
645 866 672 913 et
688 865 760 927 grat.
777 865 914 928 perpetuo
933 858 1002 911 boec
1019 858 1196 926 conjungere.
1231 854 1285 908 Re-
1309 863 1452 926 peccatam
1471 863 1655 925 cognoscatur
1672 865 1698 911 et
1715 857 1853 926 cognitam
1870 859 1988 915 naen.
2023 861 2149 933 Respon-

449 948 632 1020 spondemus:
662 945 705 998 Ex
736 944 912 1014 corruptione
942 949 971 998 et
999 943 1155 1014 praeceptis
1180 940 1284 996 homini
1297 982 1299 1031 Ι
1312 941 1423 996 demus:
1451 940 1668 997 Confunduntur
1690 942 1743 998 hac
1761 944 1868 1000 ratione
1886 945 2011 1002 distincti
2028 964 2097 1001 usus
2115 963 2151 1002 ac

450 1034 524 1089 datis
540 1037 615 1088 reete
631 1030 779 1102 colligitur,
799 1047 862 1086 eum
881 1029 972 1084 adhue
988 1045 1048 1086 esse
1066 1029 1152 1084 libem
1170 1026 1285 1082 arbitrio
1311 1028 1379 1083 fines
1395 1029 1467 1101 legis
1485 1028 1608 1097 divinae,
1632 1030 1703 1084 alius
1717 1030 1797 1085 ‘enim
1814 1049 1881 1086 usus
1898 1032 1969 1104 legis
1987 1038 2041 1100 est,
2068 1050 2151 1105 quem

450 1118 615 1193 praeditum,
642 1117 748 1172 seilicet
765 1117 789 1170 si
808 1117 919 1172 nomine
935 1115 1017 1171 liberi
1034 1115 1141 1170 arbitrii
1159 1115 1221 1184 ipsa
1238 1129 1286 1167 vo·
1311 1114 1419 1169 obtinet
1444 1115 1587 1185 arguendo
1611 1133 1668 1171 non
1691 1117 1781 1172 solum
1803 1124 1920 1188 peccata
1945 1124 2072 1188 externa,
2098 1119 2149 1176 sed

450 1207 542 1262 luntas
560 1203 747 1274 intelligatur3
770 1203 824 1257 nisi
843 1203 916 1258 enim
940 1209 1035 1274 posset
1053 1202 1136 1257 homo
1155 1217 1205 1272 per
1226 1198 1286 1270 Spi-
1312 1199 1395 1255 etiam
1430 1199 1589 1256 interiorem
1617 1202 1708 1257 cordis
1748 1202 1963 1274 immunditiem,
2003 1207 2051 1276 qui
2087 1204 2152 1261 finis

450 1293 520 1346 ritus
549 1288 639 1344 sancti
667 1288 786 1361 gratiam
816 1289 901 1354 selle,
930 1303 1072 1360 nunquam
1099 1288 1167 1342 talia
1194 1286 1287 1341 media
1312 1285 1368 1356 legi
1397 1287 1530 1356 competit
1559 1292 1668 1342 tantum
1697 1293 1762 1360 post
1790 1289 1913 1361 lapsum,
1948 1308 2004 1345 non
2030 1307 2096 1345 vero
2122 1291 2153 1347 in

450 1376 504 1449 ipsi
521 1381 755 1447 proponerentur3
784 1375 833 1429 sed
858 1375 979 1429 vicissim
1003 1391 1037 1429 ex
1065 1373 1239 1445 correptione
1258 1378 1288 1427 et
1313 1376 1389 1427 statu
1423 1373 1607 1445 integritatis,
1648 1374 1719 1429 alius
1755 1375 1877 1429 vicissim
1915 1377 1976 1447 ejus
2004 1393 2071 1431 usus
2101 1383 2153 1446 est,

335 1491 341 1502 ·
369 1445 374 1453 ’
451 1459 606 1533 praeceptis
625 1461 716 1514 minus
734 1464 808 1516 recte
829 1459 1012 1528 concluditur,
1030 1476 1174 1531 superesse
1191 1458 1220 1512 in
1238 1457 1286 1512 ho·
1312 1475 1395 1528 quem
1422 1457 1530 1514 obtinet
1553 1448 1768 1529 praescribendo
1793 1461 1929 1517 bonorum
1951 1479 2065 1533 operum
2090 1480 2154 1518 nor·

451 1547 524 1603 mine
551 1546 670 1602 liberum
696 1546 857 1610 arbitrium,
887 1545 995 1601 scilicet
1020 1545 1044 1598 si
1069 1545 1179 1599 nomine
1204 1543 1288 1599 liberi
1312 1562 1402 1612 mam,
1441 1543 1489 1616 qui
1516 1545 1578 1599 finis
1608 1546 1633 1601 ei
1661 1546 1793 1618 competit
1829 1554 1890 1603 tum
1919 1548 1950 1603 in
1980 1555 2056 1604 statu
2082 1550 2154 1605 inte-

451 1631 558 1690 arbitrii
575 1632 740 1704 intelligitur
758 1632 822 1688 talis
839 1629 967 1700 facultas,
987 1648 1045 1703 qua
1056 1630 1138 1686 homo
1154 1647 1213 1685 sese
1231 1631 1287 1685 suis
1299 1600 1302 1721 ἵ
1314 1631 1438 1702 gritatis,
1462 1636 1521 1685 tum
1548 1633 1632 1686 etiam
1656 1638 1720 1703 post
1742 1633 1859 1704 lapsum.
1894 1635 2008 1690 Falsum
2029 1641 2059 1691 et
2082 1636 2154 1692 illud

452 1718 558 1774 viribus
578 1719 614 1772 ad
639 1719 758 1790 gratiam
783 1717 924 1789 applicare
946 1717 1049 1788 possit,
1073 1717 1208 1788 siquidem
1227 1716 1288 1786 Spi-
1300 1724 1303 1781 i
1315 1722 1365 1777 est,
1386 1717 1461 1788 quod
1480 1733 1561 1774 omne
1577 1719 1648 1773 illud
1669 1726 1830 1790 peccatum,
1852 1721 1928 1792 quod
1946 1737 1963 1775 a
1979 1722 2041 1794 lege
2061 1724 2155 1795 argui·

452 1805 521 1860 ritus
539 1809 653 1859 sanctus
675 1805 729 1859 hoc
752 1805 783 1859 in
806 1804 916 1859 homine
942 1803 1044 1872 efficit,
1069 1810 1102 1858 ut
1123 1802 1204 1873 velit,
1233 1788 1362 1891 nonfftur
1379 1810 1408 1859 et
1426 1821 1459 1859 ex
1477 1803 1540 1876 lege
1558 1805 1743 1877 cognoscitur,
1760 1822 1778 1860 a
1796 1806 1877 1862 nobis
1893 1806 1974 1862 vitari
1991 1807 2092 1878 possit,
2120 1808 2154 1865 si·

453 1891 601 1948 excitando
626 1890 768 1945 naturales
790 1889 872 1945 liberi
896 1889 1005 1944 arbitrii
1026 1890 1098 1945 vires
1124 1890 1210 1962 [quod
1229 1890 1430 1996 rultqquidem
1448 1890 1561 1945 vitiosos
1579 1891 1716 1946 interioris
1734 1893 1978 1964 concupiscentiae
1996 1901 2087 1950 motus
2109 1895 2154 1951 lex

453 1977 662 2045 Bellarminusl,
679 1976 729 2032 sed
746 1993 831 2032 novas
849 1977 885 2030 ad
904 1975 957 2031 hoc
974 1975 1045 2032 vires
1063 1976 1116 2047 ipsi
1133 1974 1289 2032 tribuendo.
1318 1977 1411 2048 arguit
1428 1983 1457 2032 et
1474 1981 1589 2047 peccata
1609 1995 1669 2032 esse
1687 1978 1824 2048 ostendit,
1850 1996 1868 2034 a
1889 1978 1991 2050 quibus
2008 1986 2102 2037 tamen
2119 1999 2154 2038 ne

455 2064 513 2122 Sub
539 2063 623 2118 finem
647 2062 731 2134 hujus
757 2061 856 2132 capitis
874 2061 1059 2117 Bellarminus
1081 2062 1162 2118 nobis
1184 2061 1291 2126 tribuit,
1317 2062 1371 2132 ipsi
1389 2062 1501 2134 quidem
1520 2062 1609 2118 renati
1628 2062 1656 2116 in
1677 2063 1729 2118 hac
1750 2064 1862 2134 quidem
1881 2065 1940 2119 rita
1959 2066 2069 2121 omuino
2085 2067 2153 2122 libe

456 2150 531 2224 quod
553 2155 707 2204 statuamus
724 2149 929 2203 sarmationem
951 2150 1071 2203 bominis
1087 2150 1158 2216 fieri
1175 2166 1230 2218 per
1247 2165 1291 2202 so·
1316 2147 1372 2202 rari
1389 2152 1512 2218 possunt,
1531 2153 1640 2203 tantum
1658 2148 1746 2218 abeat,
1764 2155 1796 2203 ut
1814 2166 1870 2204 non
1882 2150 1985 2205 renatis
1998 2151 2067 2206 illud
2081 2167 2153 2206 com-

457 2238 515 2292 lom
531 2237 629 2301 fidem,
654 2233 728 2304 quod
748 2239 843 2304 aperte
860 2233 961 2289 falsum
977 2240 1033 2304 est,
1056 2235 1133 2290 aliud
1153 2234 1290 2306 siquidem
1302 2188 1305 2275 i
1317 2240 1408 2305 petat,
1433 2233 1549 2304 proinde
1574 2235 1601 2287 in
1626 2250 1693 2289 rere
1714 2235 1806 2289 cordis
1832 2237 1997 2293 contritione
2014 2238 2153 2293 miseriam

457 2328 499 2379 est
516 2319 697 2392 regeneratio,
716 2319 793 2375 aliud
811 2321 962 2389 renovatio,
980 2321 1047 2375 licet
1065 2321 1121 2375 sint
1139 2321 1291 2376 arctissime
1302 2280 1305 2343 1
1317 2320 1393 2375 illam
1411 2323 1533 2374 nostram
1559 2319 1747 2390 deploramus,
1774 2338 1807 2376 ac
1831 2323 1929 2378 merito
1951 2321 2055 2379 Christi
2080 2323 2152 2379 infir·

457 2423 606 2471 connexae,
624 2406 798 2478 regeneratio
815 2405 848 2461 tit
864 2406 1012 2478 perfidem
1030 2413 1058 2463 et
1070 2407 1183 2479 quidem
1195 2408 1291 2476 solam,
1302 2348 1305 2463 i
1317 2405 1427 2460 mitates
1447 2405 1509 2460 illas
1527 2406 1586 2477 tegi
1609 2407 1744 2475 petimus,
1768 2407 2000 2478 concupiscentiis
2018 2426 2070 2482 per
2091 2410 2167 2487 Spi·

457 2496 506 2552 sed
522 2492 666 2550 renovatio
694 2492 888 2563 complectitur
912 2493 1022 2548 omnino
1044 2493 1138 2564 plura,
1163 2492 1400 2549 vindicantium
1419 2491 1571 2546 resistimus
1589 2497 1618 2546 et
1637 2492 1672 2545 ad
1690 2492 1802 2562 plenam
1821 2493 1849 2548 iu
1870 2495 1967 2550 futura
1990 2496 2051 2551 rita
2069 2496 2150 2552 liber-

457 2598 543 2637 noros
560 2579 635 2635 illos·
649 2578 808 2650 spirituales
832 2584 923 2635 motus
947 2580 976 2634 in
1001 2581 1084 2636 corde
1108 2579 1226 2635 hominis
1250 2597 1292 2635 re·
1303 2536 1305 2605 ¹
1317 2586 1401 2635 tatem
1421 2578 1499 2634 seriis
1517 2579 1666 2650 gemitibus
1684 2580 1846 2650 aspiramus.
1877 2585 1904 2636 3.
1922 2582 1957 2636 Si
1973 2584 2018 2638 rel
2034 2585 2153 2639 murima

460 2668 519 2724 nati
535 2684 586 2739 per
604 2665 736 2737 Spiritum
755 2671 882 2721 sanetum
900 2683 1037 2723 accensos.
1303 2642 1387 2720 ¹solia
1413 2673 1534 2718 neaerae
1560 2666 1665 2718 viribus
1690 2666 1735 2719 tce
1761 2666 1877 2736 impleri
1901 2675 2033 2739 neqsuat,
2057 2671 2152 2740 poss'to

330 2763 443 2806 uesano·
494 2761 536 2811 ¹12.
571 2752 713 2823 Expositis
733 2752 810 2806 hisce
830 2759 948 2824 quatuor
972 2752 1141 2825 argumentis
1163 2720 1306 2822 propositi
1319 2759 1410 2806 tamen
1428 2751 1537 2804 auritio
1555 2752 1667 2821 gratioe
1693 2752 1830 2807 hominem
1846 2770 1987 2808 versasse
2008 2756 2094 2810 liberi
2109 2775 2154 2810 or·

329 2815 643 2918 ¹,22ssssss'Bellarmiuus
667 2856 715 2893 sex
740 2839 843 2894 classes
862 2839 1075 2910 scripturarum.
1110 2837 1205 2892 Prima
1228 2856 1292 2892 con·
1319 2839 1403 2902 bitrii,
1421 2838 1720 2906 itu-stpossitlegem
1739 2840 1916 2908 impleraret
1936 2843 2056 2894 eandem
2070 2860 2155 2912 proe-

330 2918 442 3012 {20¹¹}-
457 2927 526 2980 tinet
541 2943 575 2979 ea
595 2923 763 2992 testimonia,
782 2941 854 2994 quoe
866 2925 1173 2994 praecipiantoliqaid
1187 2888 1307 3003 hominii
1319 2925 1453 2978 varicosi.
1488 2923 1711 2993 Respondemus:
1734 2923 1808 2978 Illud
1831 2925 1962 2980 auxilium
1980 2927 2091 2997 getiae
2109 2927 2155 2983 da·

330 3020 412 3063 natm
450 3012 624 3081 faciendum
640 3010 686 3065 oei
704 3028 759 3063 nou
778 3011 952 3077 faciendum.
990 3011 1176 3079 Praeceptum
1194 3019 1235 3064 est
1253 3027 1295 3065 re·
1319 3017 1366 3065 tur
1383 3010 1412 3064 in
1430 3010 1491 3080 ipsa
1508 3009 1686 3065 conversione
1707 3027 1723 3065 a
1744 3010 1849 3085 §piritu
1873 3018 1981 3077 sancto,
2006 3013 2055 3084 qui
2078 3021 2155 3070 natu·

329 3070 430 3177 Ἀπ’
459 3098 527 3169 pulo
546 3098 611 3151 hene
630 3098 755 3166 emendi,
780 3099 895 3162 fnestra
918 3104 1011 3150 autem
1034 3097 1121 3148 datar
1143 3098 1242 3163 regalo
1261 3098 1380 3163 ei,·ram
1406 3102 1529 3150 nostram
1557 3095 1657 3166 incipit
1681 3095 1831 3152 reformare
1861 3115 1894 3153 ac
1922 3114 2070 3163 renovare;
2102 3118 2157 3155 uon

331 3178 419 3276 {l'ffi‘ffl
458 3185 510 3254 qai
523 3201 579 3238 aon
594 3191 691 3253 potest
701 3184 832 3253 deficere,
851 3190 901 3235 out
920 3199 976 3235 nou
989 3188 1084 3249 potest
1102 3200 1156 3235 non
1170 3172 1308 3251 deficere,'
1322 3187 1414 3238 autem
1433 3182 1474 3237 ita
1491 3181 1641 3237 auxiliatur
1659 3180 1778 3252 Spiritum
1797 3189 1922 3251 sanctus,
1942 3185 2085 3239 aesinos
2104 3186 2156 3258 ipsi

331 3279 388 3321 ren.
459 3269 534 3344 quod
558 3273 752 3342 argumentum
777 3267 845 3322 dicit
871 3283 930 3322 esse
958 3265 1109 3339 Augustini
1134 3267 1241 3341 inlibr.
1261 3262 1309 3323 de'
1323 3286 1355 3324 ex
1375 3267 1454 3323 nobis
1473 3268 1540 3340 ipsis
1558 3285 1744 3341 cooperemur,
1764 3269 1812 3324 sed
1832 3269 1898 3342 quia
1915 3269 1964 3324 dat
1978 3270 2157 3342 novaevires,

460 3361 532 3432 grat
549 3363 578 3412 et
596 3355 645 3411 lib.
663 3355 745 3411 arbit.
779 3354 1007 3426 Respondemus:
1030 3359 1051 3409 l.
1071 3354 1309 3426 Quotiescunque!
1322 3355 1450 3411 accendit
1467 3372 1553 3410 novos
1571 3362 1662 3410 motus
1680 3361 1708 3410 et
1729 3372 1761 3410 ex
1779 3355 1938 3411 nolentibus
1956 3356 2081 3413 volentes
2099 3356 2156 3413 effi·

459 3445 504 3502 rel
522 3442 698 3515 Augustinus
717 3441 762 3497 rel
781 3441 828 3496 alii
846 3447 952 3496 veteres
972 3456 1005 3494 ex
1030 3441 1201 3511 praeceptis,
1228 3429 1372 3514 legi-3cit3
1400 3443 1469 3497 haec
1495 3442 1651 3507 renovatio,
1676 3442 1819 3513 quianon
1842 3442 1935 3497 statim
1957 3443 2083 3514 perfecta
2108 3450 2157 3508 est,

459 3529 522 3597 bus,
543 3527 667 3584 consiliis
684 3533 734 3583 etc.
755 3526 874 3582 liberum
893 3524 1037 3580 arbitrium
1054 3526 1188 3598 probant,
1217 3489 1309 3582 intel-i
1323 3530 1371 3585 sed
1392 3529 1514 3601 quotidie
1532 3529 1644 3596 crescit,
1669 3529 1756 3583 donec
1774 3528 1803 3582 in
1821 3535 1934 3584 aeterna
1953 3529 2012 3584 rita
2031 3528 2157 3601 perficia-

459 3614 552 3686 ligunt
567 3613 678 3669 nomine
695 3612 776 3668 liberi
795 3612 902 3668 arbitrii
920 3611 964 3667 vel
991 3611 1079 3683 ipsam
1105 3612 1221 3668 hominis
1247 3631 1294 3668 vo·
1322 3622 1379 3684 tur,
1403 3615 1466 3670 ideo
1492 3614 1575 3670 etiam
1600 3614 1724 3686 impletio
1748 3614 1819 3685 legis
1843 3614 1967 3685 perfecta
1985 3615 2015 3670 iu
2033 3615 2086 3671 hac
2101 3616 2158 3672 rita

459 3702 610 3769 luntatem,
634 3715 707 3771 quae
729 3716 781 3770 per
804 3698 914 3769 lapsum
932 3697 1030 3769 utique
1050 3715 1106 3753 non
1124 3704 1168 3754 est
1185 3700 1294 3769 amissa,
1306 3731 1308 3744 ι
1322 3700 1389 3772 ipsis
1408 3701 1491 3755 etiam
1508 3700 1612 3755 renatis
1635 3706 1677 3754 est
1703 3698 1852 3767 ἀδύνατος,
1876 3707 1907 3754 ut
1932 3701 2081 3773 apparebit
2106 3719 2157 3759 suo

459 3785 504 3842 rel
530 3785 691 3843 facultatem
718 3783 819 3850 libere,
848 3783 902 3839 hoc
929 3791 986 3848 est,
1018 3785 1123 3855 absque
1151 3787 1295 3841 coactione
1320 3788 1389 3841 loco.
1430 3787 1464 3841 In
1485 3785 1536 3841 hoc
1563 3786 1653 3857 capite
1675 3786 1891 3855 observandum,
1918 3788 1993 3857 quod
2022 3788 2156 3844 auxilium

460 3870 577 3945 egendi,
602 3886 687 3941 quam
703 3869 732 3924 in
749 3869 817 3939 ipsis
835 3861 917 3924 etiam
937 3869 1016 3924 malis
1039 3871 1195 3927 actionibus
1212 3871 1294 3927 bomo
1305 3921 1308 3968 Λ
1320 3874 1427 3945 gratiae
1443 3872 1549 3928 confert
1566 3871 1749 3927 Bellarminus
1768 3872 1866 3927 lumini
1884 3873 1921 3927 ad
1941 3873 2093 3930 ridendum
2110 3893 2155 3931 ne

458 3957 549 4013 adhue
575 3956 674 4023 babet,
701 3955 747 4011 rel
771 3954 928 4010 libertatem
956 3956 1095 4026 quandam
1124 3958 1152 4011 in
1178 3960 1308 4034 astioni-2
1320 3960 1454 4027 cessario,
1490 3958 1722 4029 quemadmodum
1753 3957 1838 4029 igitur
1873 3958 1977 4014 lumine
2006 3962 2156 4017 accedente

457 4044 511 4100 bns
531 4041 682 4099 moralibus
708 4048 737 4098 et
760 4041 887 4097 externis.
924 4041 1076 4112 Disputant
1100 4044 1173 4098 enim
1197 4039 1308 4104 contrai
1320 4051 1411 4117 potest
1427 4045 1508 4099 bomo
1527 4044 1635 4112 videre,
1662 4043 1691 4097 id
1716 4050 1758 4098 est
1781 4045 1953 4100 reconditam
1972 4045 2090 4101 ridendi
2109 4065 2155 4119 po·

458 4129 651 4199 Manichacus,
688 4130 737 4203 qui
769 4129 888 4184 solutam
915 4129 1108 4185 necessitatem
1136 4109 1444 4238 propugna-Qtentiam,
1464 4146 1537 4200 quae
1556 4130 1631 4184 actui
1642 4130 1730 4199 primo
1744 4127 1841 4199 inerat,
1859 4147 1998 4200 exserere,
2016 4133 2057 4187 ita
2069 4149 2155 4203 appa·

458 4218 536 4273 bant
572 4222 597 4273 2.
621 4215 652 4272 si
668 4229 735 4272 raro
754 4214 801 4271 lib.
820 4214 928 4269 arbitrii
945 4216 1055 4270 nomine
1073 4216 1237 4289 intelligitur
1253 4219 1362 4306 fas-,ret
1389 4233 1439 4286 per
1464 4216 1632 4285 adjutorium
1656 4215 1763 4287 gratim
1789 4232 1844 4270 uon
1867 4215 1985 4288 intelligi
2010 4218 2153 4274 aBellar

459 4303 549 4359 cultas
572 4301 732 4374 praestandi
757 4317 791 4356 ea
815 4301 908 4355 omnia
921 4317 966 4355 ·ex
993 4302 1050 4355 suis
1076 4301 1196 4371 viribus,
1222 4302 1395 4378 quaelmino
1413 4302 1570 4357 interiorem
1592 4302 1633 4371 [ut
1654 4302 1694 4356 ita
1716 4301 1825 4372 loquar]
1852 4287 2003 4357 voluntat'is
2027 4304 2154 4360 immuta

460 4390 488 4444 irl
507 4390 571 4462 lega
589 4387 695 4445 bomini
714 4387 938 4459 praecipiuntur,
955 4403 1090 4459 negamus
1105 4388 1189 4443 talem
1208 4389 1294 4445 facul·
1307 4391 1309 4432 ἶ
1321 4389 1438 4454 tionem,
1468 4388 1517 4444 sed
1537 4388 1699 4443 exteriorem
1716 4394 1823 4442 tantum
1843 4388 1951 4459 gratiae
1970 4390 2155 4446 sententian

460 4481 548 4531 tatem
570 4473 685 4545 inipso
707 4473 799 4527 adbuc
823 4490 983 4544 superesse,
1010 4472 1146 4544 siquidem
1170 4474 1214 4530 lex
1239 4437 1456 4532 nonivolunuti
1482 4476 1518 4529 ad
1543 4474 1708 4530 exserendae
1731 4475 1872 4529 naturales
1890 4492 1955 4529 suas
1971 4475 2046 4531 sires
2066 4494 2154 4533 neces

461 4577 493 4617 eo
510 4566 618 4617 tantum
636 4559 692 4615 fine
710 4564 775 4630 post
791 4558 900 4630 lapsum
916 4559 1021 4613 homini
1040 4559 1107 4614 data
1124 4566 1179 4630 est,
1200 4569 1232 4617 ut
1251 4581 1295 4619 ex·
1307 4591 1310 4684 1
1322 4561 1433 4617 sariam.
1470 4560 1551 4626 Quod
1574 4578 1640 4633 ergo
1665 4576 1699 4615 cx
1723 4562 1879 4633 praeceptis
1901 4561 1972 4633 legis
1996 4568 2025 4617 et
2042 4564 2155 4635 promis·

459 4653 566 4704 ternam
585 4646 760 4718 disciplinam
779 4646 862 4701 etiam
885 4663 904 4701 a
927 4663 982 4701 non
1005 4646 1108 4701 renatis
1134 4648 1241 4720 exigat,
1268 4656 1309 4708 et,
1325 4648 1447 4704 sionibus
1466 4664 1499 4702 ac
1517 4648 1774 4703 comminationibus
1786 4648 1842 4720 legi
1857 4648 1960 4704 additis
1973 4650 2156 4719 concluditur,

359 4749 385 4792 v.
400 4748 445 4793 tta
458 4734 488 4789 iu
518 4750 603 4789 cursu
635 4733 770 4789 bonorum
802 4748 915 4803 operum
952 4738 1064 4786 renatos
1093 4732 1210 4804 dirigat,
1245 4736 1296 4791 sed
1321 4733 1445 4789 homines
1469 4734 1644 4789 naturalibus
1670 4734 1727 4787 suis
1752 4734 1857 4790 viribus
1881 4733 1930 4789 illa
1952 4751 2035 4805 posse
2057 4736 2156 4801 facere,

460 4820 551 4890 etiam,
570 4826 603 4875 ut
621 4819 752 4875 interiora
771 4823 888 4889 peccata
906 4824 935 4873 st
946 4823 1097 4873 extremam
1115 4825 1231 4876 naturae
1248 4838 1296 4876 no·
1324 4820 1352 4874 in
1371 4837 1404 4875 eo
1421 4821 1602 4876 committitur
1619 4819 1732 4875 fallacia
1749 4819 1819 4873 finis.
1855 4819 1988 4885 Quamvis
2012 4822 2086 4877 enim
2108 4820 2157 4877 ho·

459 4912 533 4963 suas
551 4906 758 4977 corruptionem
775 4910 885 4977 arguat,
904 4921 959 4974 quo
978 4921 1061 4958 sensu
1073 4906 1214 4975 apostolus
1233 4923 1296 4977 pro-
1316 4905 1410 4962 'mines
1430 4907 1487 4960 suis
1503 4908 1607 4963 viribus
1626 4924 1660 4961 sa
1677 4924 1733 4972 non
1751 4906 1861 4976 possint
1884 4912 2039 4976 praestare,
2064 4915 2158 4963 tamen

458 4993 581 5061 nuntiat,
605 5009 639 5048 ex
664 4991 727 5064 lege
750 4991 859 5063 peccati
883 4990 1051 5062 agnitionem
1078 5008 1146 5048 esse.
1181 4993 1310 5065 Regerit²
1323 4992 1416 5047 adbuc
1433 4993 1578 5064 multiplex
1598 4999 1640 5048 est
1656 4992 1766 5047 illarum
1785 4992 2021 5063 praeceptionum,
2044 4996 2159 5065 promis·

459 5077 654 5145 Bellarminns,
675 5082 699 5132 1.
718 5078 807 5148 tepens
825 5078 927 5131 tatere
949 5077 1122 5132 etiamtunc
1138 5080 1238 5149 finem,
1265 5088 1296 5133 at
1322 5078 1431 5134 sionum
1458 5094 1490 5134 ac
1518 5078 1761 5134 comminationum
1787 5095 1854 5134 usus
1880 5085 1942 5134 tum
1968 5079 2057 5150 ipsius
2081 5082 2158 5153 DEI,

457 5165 495 5218 rit
513 5164 579 5218 bene
589 5164 702 5219 urendi
712 5182 821 5234 norma,
840 5166 922 5234 eujus
932 5163 1003 5233 finis
1016 5165 1126 5219 ratione
1139 5166 1309 5220 necessario.
1323 5170 1384 5219 tum
1407 5165 1491 5220 etiam
1514 5164 1657 5220 hominnm
1680 5171 1817 5236 respectu.
1852 5165 1972 5221 Ratiorm
1988 5165 2044 5221 Dei
2061 5166 2159 5223 barum

458 5250 489 5303 ia
502 5250 616 5324 ,homine
633 5252 726 5319 οοίροο
744 5252 858 5305 arbitrii
875 5252 1039 5306 libertatem.
1071 5231 1310 5322 Respondemus:i
1323 5251 1636 5328 praeceptionum-usus
1656 5259 1712 5307 est:
1737 5257 1758 5307 1.
1777 5258 1810 5306 ut
1829 5251 1897 5325 quid
1914 5252 1951 5307 ab
1969 5251 2161 5324 hominejure

458 5337 532 5391 Sane
549 5336 693 5407 praecepti
711 5337 796 5392 etiam
811 5336 856 5390 hic
874 5336 937 5391 finis
955 5342 1012 5402 est,
1041 5343 1073 5391 ut
1097 5336 1168 5393 bene
1185 5337 1296 5393 vivendi
1323 5336 1424 5396 Datis
1443 5338 1561 5410 flagitet,
1579 5339 1722 5407 ostendat3
1748 5344 1771 5393 2.
1790 5345 1823 5393 ut
1842 5343 1960 5394 testetur
1983 5355 2014 5394 sa
2032 5354 2096 5394 esse
2114 5358 2160 5397 ex·

456 5433 582 5479 normam
601 5428 752 5493 proponat,
772 5421 822 5478 sed
839 5438 872 5477 ex
891 5440 924 5478 eo
941 5423 1063 5478 nondum
1081 5423 1177 5480 inferri
1194 5428 1296 5494 potest,
1307 5471 1310 5490 2
1323 5430 1368 5481 trs
1386 5424 1511 5497 culpam,
1536 5425 1559 5480 si
1582 5426 1611 5480 id
1634 5432 1774 5497 praestare
1796 5424 1922 5481 homines
1939 5432 2096 5497 nequeant,
2124 5429 2161 5484 ad

457 5510 596 5565 hominem
620 5506 678 5561 suis
705 5506 811 5563 rinbus
830 5524 891 5564 sese
909 5510 984 5564 omni
1002 5526 1035 5567 ex
1053 5514 1133 5581 parte
1151 5509 1215 5565 hnic
1234 5526 1296 5564 nor·
1322 5510 1397 5583 quod
1411 5513 1477 5584 jure
1496 5518 1562 5566 sunt
1578 5511 1703 5585 obligati.
1739 5510 1794 5567 Per
1812 5509 1945 5567 debitoris
1961 5521 2162 5584 paupertatem

456 5611 518 5651 maa
534 5593 742 5651 accommodare
760 5610 849 5664 posse,
869 5612 932 5650 eum
951 5595 1005 5667 ipsi
1024 5595 1107 5651 etiam
1125 5596 1213 5651 renati
1233 5613 1297 5651 con·
1324 5596 1493 5672 aiantpsror
1520 5614 1575 5652 non
1597 5597 1704 5653 tollitur
1719 5598 1768 5668 jus
1786 5598 1943 5668 creditenim
1972 5605 1996 5657 3.
2014 5603 2050 5653 ut
2065 5616 2162 5657 conu-

457 5687 624 5752 querautur,
641 5681 729 5750 legem
751 5695 808 5733 ease
826 5681 1014 5752 spirituatem,
1032 5699 1061 5736 se
1079 5700 1145 5738 uero
1165 5684 1296 5737 cometes
1322 5684 1445 5754 ptionem
1462 5692 1579 5740 naturae
1595 5689 1707 5739 nostrae
1730 5683 1767 5739 ob
1794 5683 1888 5739 oculos
1911 5684 1992 5739 nobis
2009 5696 2163 5760 proponat,
