5017 6675
1032 564 1085 621 DE
1103 563 1245 622 LIBERO
1264 565 1456 626 ARBITRIO.
1622 521 1625 525 V
2031 578 2091 637 277

392 722 522 789 probant,
538 719 683 786 sacrificia
700 719 851 788 impiorum
868 721 933 773 Deo
951 738 1006 773 non
1022 720 1150 788 placere,
1175 721 1227 773 boc
1242 722 1407 803 {peccatum
1446 726 1466 778 7.
1485 724 1654 792 infidelibus
1670 724 1743 778 nihil
1766 740 1826 778 esee
1844 726 1991 792 mundum,
2016 727 2091 779 acci·

397 807 525 874 obvertit,
555 808 632 876 quod
657 806 773 859 multum
799 806 911 858 intersit
937 806 1011 859 inter
1033 808 1177 872 sacrificia
1202 816 1229 860 et
1253 809 1389 876 piendum
1408 818 1449 862 est
1473 811 1507 862 de
1524 811 1606 874 cibis,
1630 827 1685 863 non
1703 812 1738 862 ele
1759 810 1895 879 aperilem.
1932 809 2092 880 Responde·

398 910 482 961 opera
502 893 637 959 moralia,
665 909 728 944 oum
746 892 787 943 acl
803 890 857 944 illo
875 890 1036 959 requiratur
1049 900 1230 958 peccatorum
1258 910 1331 948 mus:
1355 894 1456 949 diserte
1481 896 1561 950 addit
1577 895 1731 964 apostolus,
1758 897 1828 963 quia
1846 896 2007 964 inquinatae
2025 904 2089 951 munt

398 979 545 1033 «lucentio
563 987 589 1032 et
611 976 780 1031 conscientia
802 994 893 1047 pura,
920 993 991 1044 quoe
1017 978 1059 1028 acl
1081 978 1150 1029 laec
1175 996 1230 1030 non
1258 997 1354 1033 eorum
1378 998 1455 1033 niens
1483 989 1508 1034 et
1534 982 1721 1049 consocientia;
1749 982 1982 1051 quemadmodum
2008 982 2094 1053 igitur
2151 979 2154 985 ’

398 1066 585 1133 requirantur.
619 1063 844 1133 Respondemus:
872 1061 926 1115 imo
950 1062 985 1115 ad
1011 1079 1080 1131 opus
1098 1079 1162 1117 vere
1184 1065 1231 1118 bo·
1259 1065 1325 1121 inde
1343 1074 1371 1122 et
1389 1067 1452 1123 ideo
1470 1068 1523 1137 ipsi
1543 1067 1599 1123 cibi
1616 1068 1674 1137 (qui
1693 1072 1786 1121 tamen
1811 1084 1845 1121 ex
1869 1067 1932 1139 lege
1952 1068 2005 1124 Dei
2025 1070 2096 1124 inter
2157 1104 2164 1112 -

398 1167 461 1203 num
474 1158 503 1206 et
513 1150 575 1205 Deo
588 1150 701 1220 placens
715 1148 811 1202 itidem
823 1148 971 1218 requiritur
988 1156 1166 1217 peecatorum
1185 1149 1231 1203 de·
1262 1153 1379 1207 mundos
1405 1156 1570 1220 eerssentur)¹
1587 1153 1745 1209 infidelibus
1773 1159 1839 1205 sunt
1861 1153 2009 1222 immundi,
2031 1153 2096 1225 quia

398 1235 508 1291 testatio
526 1241 554 1291 et
571 1235 756 1290 comcientiae
774 1233 895 1303 puritas,
923 1234 1061 1304 quomodo
1086 1235 1159 1288 enim
1182 1253 1232 1305 pu·
1260 1237 1382 1306 ipsorum
1400 1257 1478 1295 meus
1499 1248 1526 1293 et
1551 1239 1719 1294 conscientia
1736 1238 1896 1309 inquinata,
1923 1240 1963 1293 ita
1986 1254 2096 1311 quoque

398 1340 456 1376 rum
474 1322 536 1390 erit,
554 1322 629 1393 quod
645 1339 678 1376 ex
695 1321 804 1390 impuro
822 1319 899 1374 fonte
916 1317 1048 1388 produit?
1062 1321 1133 1387 finis
1147 1338 1232 1389 prae·
1260 1339 1346 1392 opera
1364 1323 1413 1378 illa
1430 1325 1545 1379 morafie
1562 1343 1634 1394 quae
1653 1325 1761 1379 faciunt
1779 1338 1862 1395 (quae
1879 1332 1972 1380 mmeu
1989 1325 2096 1379 ratione

398 1408 469 1476 cepti
487 1408 646 1463 curamur
666 1409 751 1460 eorde
775 1423 849 1476 puro
875 1413 902 1458 et
927 1406 1097 1458 conscientia
1115 1407 1187 1458 lona
1207 1416 1232 1459 et
1260 1408 1364 1462 externi
1390 1409 1480 1478 operis
1505 1428 1567 1463 eum
1591 1411 1654 1481 lege
1677 1415 1843 1481 congruunt)
1864 1416 1928 1465 suut
1952 1410 2096 1464 immunda

397 1495 451 1558 (ide
472 1512 529 1546 non
539 1495 610 1562 ficta
631 1491 732 1548 l.Tim.
756 1498 778 1559 l,
800 1509 825 1548 v.
844 1498 877 1559 ὃς
895 1507 961 1561 ergo
978 1490 1026 1544 ubi
1046 1508 1092 1544 eor
1110 1492 1233 1545 nondum
1260 1500 1288 1547 ct
1306 1493 1464 1564 inquinata,
1491 1495 1558 1565 quia
1578 1514 1655 1551 mens
1676 1504 1704 1551 et
1722 1496 1891 1551 couscientia
1911 1495 2035 1565 ipsorum
2054 1500 2096 1550 est

399 1577 571 1647 purificatum
588 1584 618 1632 et
640 1576 809 1631 couscientia
835 1577 987 1630 emundata
1014 1594 1064 1646 per
1093 1576 1177 1631 fidem
1204 1577 1233 1630 iu
1260 1579 1415 1649 immunda,
1436 1582 1557 1636 noudum
1574 1583 1681 1638 scilicet
1696 1599 1747 1654 per
1763 1583 1897 1652 Spiritum
1915 1600 1935 1636 s.
1953 1588 2094 1639 renovata.

398 1665 551 1733 Christum,
577 1680 634 1718 non
659 1662 844 1735 proficiscitur
870 1680 940 1733 opus
967 1679 1001 1717 ex
1030 1663 1079 1717 tali
1107 1663 1231 1732 cariata,
1244 1644 1248 1727 i
1261 1672 1283 1720 t.
1306 1666 1373 1720 Sine
1398 1669 1453 1731 tiolo
1480 1667 1650 1736 inpossibile
1675 1678 1716 1722 est
1735 1671 1851 1738 placore
1869 1671 1948 1736 Deo,
1976 1676 2007 1721 ut
2032 1667 2096 1735 quie

398 1750 506 1821 qualem
528 1751 572 1804 lex
595 1749 719 1821 requirit.
755 1753 782 1803 2.
812 1750 932 1810 Quando
958 1749 1082 1817 Spiritus
1106 1768 1129 1805 s.
1155 1750 1231 1816 dicit,
1261 1753 1320 1804 Dei
1337 1754 1443 1805 amicus
1466 1755 1621 1823 officiatur,
1646 1756 1758 1808 interim
1777 1764 1807 1809 ut
1831 1757 1895 1824 ipsa
1919 1763 2023 1807 natura
2046 1755 2094 1806 lu·

399 1853 474 1891 omne
491 1838 650 1904 fiqmentum
671 1836 767 1888 cordes
785 1852 843 1889 esee
861 1837 975 1899 roulant,
994 1837 1027 1888 id
1038 1836 1232 1888 Bollarminus
1261 1855 1344 1891 :nona
1365 1839 1463 1907 placet
1488 1841 1568 1907 Deo,
1596 1841 1636 1893 ita
1664 1859 1772 1910 quoque
1798 1858 1886 1909 opera
1914 1858 1946 1893 ee
1974 1841 2096 1904 bonitate

397 1923 516 1990 inplicat
534 1924 571 1975 eie
587 1923 693 1991 majori
706 1922 943 1990 partebominurn
957 1921 1039 1974 isticce
1054 1921 1151 1974 seculi.
1178 1920 1232 1975 Re·
1260 1931 1378 1977 naturae
1399 1927 1489 1990 fucta.
1533 1925 1758 1994 Respondemus:
1786 1926 2018 1996 quemadmodum
2047 1941 2094 1978 na-

397 2008 576 2077 spoudemus:
607 2005 785 2062 Ostendimus
812 2022 863 2060 suo
888 2007 949 2060 loco
975 2005 1093 2076 proponi
1126 2006 1154 2059 in
1180 2005 1231 2060 hoo
1259 2016 1322 2063 tura
1339 2009 1400 2079 ipse
1417 2009 1524 2063 ratione
1544 2012 1716 2066 substantiae
1740 2013 1813 2066 bona
1832 2020 1887 2080 est,
1913 2011 2022 2065 iuterim
2044 2026 2095 2080 per

396 2094 468 2148 dicto
486 2092 629 2164 egregiam
650 2093 756 2163 peceati
776 2092 919 2163 originalis
939 2092 1161 2162 descriptionem,
1182 2108 1230 2145 ne·
1258 2102 1404 2164 peceatum
1422 2095 1623 2165 contaminata,
1641 2097 1745 2152 iniecta
1763 2105 1792 2152 et
1803 2084 1952 2167 corrupta,
1978 2112 2033 2166 quo
2051 2112 2093 2150 re·

396 2196 448 2249 que
476 2178 550 2234 euim
576 2178 747 2233 universales
773 2176 945 2231 solummodo
973 2177 1127 2247 particulae
1153 2195 1232 2230 enirm
1258 2187 1356 2251 spectu
1374 2198 1430 2235 non
1445 2181 1535 2236 solum
1552 2197 1608 2235 non
1625 2182 1802 2253 placetDeo,
1820 2184 1870 2238 sed
1883 2183 1966 2238 etiam
1979 2182 2092 2235 damua-

395 2267 552 2333 tiqmenturn
579 2273 605 2318 et
631 2265 708 2318 omni
733 2272 872 2332 temporo,
901 2262 951 2316 sed
977 2262 1060 2316 etiam
1090 2264 1230 2316 exclusivo
1262 2273 1320 2333 tur,
1338 2267 1378 2320 ita
1396 2283 1481 2337 opera
1498 2268 1615 2322 moralia
1631 2285 1665 2323 ex
1680 2268 1806 2324 bonitate
1824 2275 1940 2323 naturae
1957 2267 2033 2322 facta
2052 2283 2095 2321 ra-

396 2358 499 2403 tantum
526 2350 628 2405 diserte
649 2367 667 2405 a
689 2349 794 2420 Spiritu
817 2367 840 2406 s.
868 2356 1052 2418 usurpantur,
1080 2366 1149 2420 quas
1175 2365 1229 2403 non
1258 2351 1331 2408 tione
1356 2358 1434 2406 sotus
1459 2361 1524 2406 sunt
1549 2353 1634 2421 bone,
1664 2354 1774 2408 interim
1801 2361 1914 2425 propter
1940 2353 2092 2408 adhaerens

395 2437 530 2505 patiemur
558 2436 716 2506 sophisticis
746 2434 855 2490 nebulis
885 2435 996 2490 involvi.
1048 2438 1075 2489 3.
1105 2436 1231 2489 Arbores
1257 2445 1402 2507 peceatum
1431 2455 1487 2492 uon
1517 2445 1581 2492 sunt
1608 2439 1782 2505 verobona,
1807 2455 1858 2493 nec
1886 2439 1947 2494 Deo
1973 2439 2092 2509 placent.

395 2524 486 2576 malae
516 2542 573 2576 non
594 2540 680 2592 poree
702 2524 803 2588 fouere
829 2523 941 2584 fructus
960 2522 1058 2590 bonos,
1085 2521 1125 2575 ita
1143 2520 1231 2576 eludit
1249 2523 1374 2595 Reliqua
1398 2524 1559 2594 Scripturas
1583 2525 1671 2594 dicta,
1702 2541 1773 2596 quse
1800 2525 1984 2579 Bellarminus
2013 2524 2093 2579 nobis

396 2599 595 2676 Bcllaiminus,
612 2616 645 2664 ut
663 2609 738 2662 dicat
754 2608 884 2661 arborem
901 2608 1006 2660 malam
1024 2609 1102 2670 ferre
1117 2609 1229 2676 quietern
1256 2610 1368 2679 tribuit,
1394 2610 1430 2664 ad
1455 2611 1540 2664 alium
1563 2610 1703 2680 pertinent
1725 2611 1831 2675 locum,
1858 2627 1910 2666 uec
1932 2610 2091 2666 immediate
2104 2623 2132 2666 v.
2145 2621 2193 2665 aot.

395 2696 542 2748 ordinarie
580 2703 606 2748 ct
628 2695 812 2764 utplurimum
827 2696 944 2760 fructae
963 2694 1067 2762 malos,
1090 2695 1229 2747 interdurn
1253 2696 1324 2750 illud
1343 2696 1471 2766 probent,
1490 2697 1526 2751 ad
1545 2697 1620 2767 quod
1638 2696 1814 2768 probandum
1831 2695 2011 2751 inducuntur.

395 2789 484 2834 tamen
506 2781 591 2834 etiam
613 2782 726 2850 aliquae
745 2781 830 2833 bonos
845 2773 972 2846 fructur.
1008 2779 1230 2849 Respondemus:
1291 2788 1348 2837 tot.
1383 2783 1451 2853 Cap.
1473 2789 1512 2838 lt.
1531 2783 1681 2853 respondet
1699 2783 1782 2836 dictis
1795 2789 1928 2851 patrum,
1950 2800 2022 2851 quae
2042 2798 2087 2835 ee·

393 2865 533 2938 Negativa
550 2866 654 2922 Christi
671 2867 738 2921 satis
758 2865 906 2937 perspicua
924 2872 966 2920 est
986 2873 1014 2921 et
1035 2866 1154 2934 diserta,
1172 2882 1228 2919 uon
1250 2869 1392 2936 plicando
1408 2886 1467 2923 esse
1487 2871 1558 2923 dicit
1576 2870 1620 2923 vel
1639 2868 1771 2922 debonis
1790 2868 1932 2937 operibus,
1957 2884 2029 2936 quoe
2051 2868 2092 2921 ad

393 2960 484 3022 potest
507 2954 590 3008 arbor
611 2954 685 3008 mala
708 2953 815 3008 fructus
840 2954 927 3008 bonos
951 2952 1057 3020 facere,
1081 2953 1141 3023 jam
1163 2969 1228 3007 vero
1254 2954 1372 3008 salutm
1394 2955 1551 3024 pertinent,
1581 2953 1680 3023 qualia
1705 2955 1742 3006 ab
1769 2953 1931 3018 infidelibus
1952 2954 2022 3022 fieri
2047 2969 2092 3006 ne·

392 3055 448 3092 non
466 3040 556 3094 renati
575 3046 641 3094 sunt
658 3040 748 3095 malae
765 3038 893 3108 arbores,
920 3039 1046 3110 quamvis
1064 3039 1137 3093 enim
1154 3038 1229 3093 bona
1256 3049 1372 3108 queunt,
1397 3042 1440 3095 vel
1459 3043 1495 3095 de
1516 3042 1586 3095 bono
1605 3059 1703 3110 opera,
1728 3042 1805 3110 quod
1822 3042 1863 3094 ad
1880 3041 1984 3093 malum
2004 3040 2092 3108 finem

392 3125 533 3196 quaedam
550 3132 667 3181 petuma
683 3124 835 3191 obtineant,
855 3132 949 3180 tamen
967 3142 1001 3180 ea
1016 3129 1082 3179 sunt
1098 3142 1149 3195 per
1164 3141 1228 3194 pec·
1255 3129 1388 3196 refertur,
1407 3136 1456 3180 aut
1477 3136 1557 3194 certe,
1578 3129 1655 3196 quod
1673 3135 1714 3181 eet
1728 3135 1877 3195 peccatum
1897 3127 1980 3194 larqo
1999 3126 2091 3192 ruodo,

391 3216 487 3265 catum
504 3211 603 3266 vitiata
621 3218 650 3266 et
679 3218 817 3281 corrupta.
853 3210 921 3267 Ideo
945 3228 979 3266 ex
1001 3211 1056 3264 illis
1081 3211 1149 3265 nihil
1175 3210 1228 3264 nisi
1257 3214 1323 3281 quio
1340 3214 1495 3267 nonhabet
1513 3230 1620 3267 omnem
1642 3214 1857 3283 perfectionem,
1883 3230 1966 3281 wem
1990 3211 2091 3264 trabere

390 3297 536 3366 vitiatum,
558 3303 718 3370 corruptum
738 3302 767 3355 et
785 3296 958 3352 immundum
974 3296 1113 3368 proficisci
1130 3304 1229 3368 potest.
1255 3307 1363 3369 poscet,
1391 3300 1432 3354 vel
1457 3300 1643 3370 deoperitur
1666 3301 1778 3355 ratione
1801 3300 1996 3367 tentationum,
2020 3313 2092 3367 quae

390 3392 416 3440 4.
437 3388 531 3440 Ηοηιο
554 3386 668 3456 quictem
691 3395 756 3440 ante
780 3387 1018 3454 repenerationem
1036 3393 1076 3438 est
1093 3403 1169 3449 caro,
1189 3374 1228 3437 in·
1256 3387 1299 3439 vel
1317 3388 1421 3439 adsunt
1440 3388 1484 3440 vel
1498 3390 1638 3451 monent,
1657 3388 1716 3441 nisi
1723 3388 1784 3440 Dei
1796 3385 1936 3456 protectio
1955 3392 1980 3438 et
1999 3385 2092 3451 sinqu-

389 3474 474 3526 tcrim
499 3492 556 3527 non
586 3475 696 3544 coqitur
722 3475 753 3527 in
784 3474 860 3527 omni
887 3490 972 3542 opere
999 3473 1083 3525 carni
1107 3472 1228 3525 obedire.
1256 3474 1329 3527 lario
1349 3475 1532 3545 prouidentia
1554 3474 1693 3542 viqilaret.
1730 3472 1950 3542 Respondemus:
1975 3468 2091 3526 Veteres

389 3558 619 3629 Respondemus:
637 3559 801 3630 Quicunque
817 3563 1032 3626 totusestcaro,
1051 3557 1126 3612 illius
1139 3556 1231 3614 omnia
1259 3560 1361 3615 diserte
1391 3558 1501 3629 dicunt,
1533 3575 1619 3628 opera
1646 3558 1798 3615 infidelium
1830 3574 1886 3611 non
1915 3556 2004 3610 solum
2035 3571 2092 3610 nou

390 3642 1230 3715 operaexvstustatecarnisprocedunt,quomodoeuimsge·
1257 3646 1388 3715 prodesse
1404 3646 1444 3699 eis
1473 3643 1662 3712 adsalutem,
1686 3644 1736 3699 sed
1759 3642 1843 3697 etiam
1864 3659 1922 3696 uon
1945 3659 2005 3697 esse
2027 3656 2091 3695 vere

388 3737 434 3785 ret
445 3731 583 3801 quaedam
598 3747 653 3784 non
667 3730 798 3793 carnalia,
811 3730 859 3800 qui
870 3736 945 3784 totus
956 3729 1076 3784 carnalis
1090 3736 1141 3794 est,
1153 3729 1230 3783 nulla
1259 3730 1339 3800 bons,
1352 3731 1483 3784 nimirum
1498 3730 1564 3802 quia
1575 3736 1672 3785 cuent
1683 3728 1779 3784 debita
1789 3727 1958 3798 perfectione
1970 3726 2092 3781 omnium

391 3817 485 3871 adhuc
503 3816 546 3870 sui
567 3823 707 3887 parteper
718 3815 851 3886 Spiritum
863 3834 885 3869 s.
895 3816 1064 3871 renovatus?
1094 3821 1120 3870 6.
1134 3817 1229 3883 Opera
1256 3833 1402 3871 causarum
1419 3824 1564 3886 respectu3
1591 3831 1681 3885 neque
1704 3814 1801 3868 dicunt
1825 3812 1950 3868 homiues
1971 3830 2027 3866 non
2050 3830 2092 3867 re·

390 3904 508 3971 pietatis
527 3910 552 3955 et
569 3902 673 3955 salutis
693 3920 750 3954 non
764 3910 884 3970 possunt
903 3903 1017 3970 quidem
1037 3902 1097 3956 eine
1116 3902 1228 3969 qratiae
1256 3887 1336 3957 natos
1361 3908 1392 3956 ut
1413 3903 1563 3973 plurimum
1587 3917 1718 3971 peccare,
1745 3900 1796 3953 sed
1823 3916 1879 3953 non
1904 3915 1986 3968 posse
2010 3898 2092 3952 aliter

395 3990 541 4057 adjutorio
558 3986 649 4057 effici,
667 3987 779 4040 interim
798 4004 887 4056 opero
904 3990 1034 4042 rimatio.
1069 3987 1229 4057 Responde·
1256 4004 1340 4058 quam
1356 4004 1487 4059 peccare,
1518 3987 1576 4040 sive
1598 3986 1721 4041 actiones
1747 3986 1812 4040 illae
1830 3985 1859 4039 in
1877 4001 1937 4040 sese
1955 3985 2012 4039 sive
2029 3999 2092 4054 pro·

396 4091 468 4128 mus:
486 4073 635 4142 verissime,
656 4072 767 4128 interim
780 4073 842 4144 ipsa
862 4073 911 4127 illa
929 4073 1046 4128 moralia
1063 4090 1148 4144 opera
1165 4080 1230 4126 sunt
1255 4081 1317 4144 pter
1338 4074 1414 4128 aliud
1430 4074 1486 4128 sint
1503 4080 1626 4143 pinnata.
1662 4071 1803 4136 Quantum
1827 4072 1879 4126 hoc
1898 4071 1977 4126 abest
2001 4087 2091 4125 ame·

314 4146 378 4202 ²⁰⁰·
396 4160 448 4214 Dei
463 4160 571 4230 judicio
587 4167 711 4230 peccata,
725 4176 815 4229 neque
834 4160 983 4230 quicquam
995 4159 1085 4214 meriti
1103 4158 1229 4214 obtinent
1256 4162 1308 4216 rito
1333 4160 1449 4230 congrui
1474 4165 1620 4229 tantopere
1643 4176 1660 4213 a
1682 4158 1863 4214 Scholasticis
1886 4156 2090 4227 depraedicato,

396 4247 431 4299 ad
449 4246 570 4316 gratiam
594 4244 777 4300 conversionis
803 4245 1016 4315 impetrandam.
1053 4250 1079 4299 6.
1098 4246 1134 4298 In
1152 4244 1228 4297 dioto
1257 4245 1519 4316 adispositionibus
1545 4245 1582 4298 ad
1607 4244 1740 4316 gratiam,
1767 4242 1973 4312 apossessione
1991 4240 2089 4296 salutis

395 4333 550 4400 apostolico
569 4333 704 4401 quicquid
719 4350 776 4385 non
798 4334 833 4401 fit
858 4349 891 4384 ee
911 4333 987 4400 ficte,
1008 4340 1157 4400 peccatum
1180 4339 1228 4388 eet.
1255 4340 1393 4395 aeternae,
1412 4348 1496 4404 quam
1512 4330 1672 4384 Andradius
1692 4334 1721 4384 et
1738 4328 1786 4383 alii
1802 4327 1961 4382 infidelibus
1977 4326 2089 4397 promit-

394 4421 503 4473 nomine
513 4420 589 4486 fidei
604 4419 840 4486 intolliqiturnon
857 4419 987 4482 saluifica
997 4420 1082 4486 sides,
1101 4420 1153 4471 red
1165 4436 1228 4471 con·
1254 4419 1329 4473 tuntl
1374 4418 1442 4489 Cap.
1472 4424 1511 4473 12.
1539 4416 1689 4488 respondet
1715 4415 1886 4482 arqumentis
1920 4430 1953 4466 ec
1980 4413 2090 4466 ratione

393 4506 525 4558 scientiae
553 4504 747 4558 testimonium.
793 4503 1022 4574 Respondemus:
1049 4503 1226 4574 Augustinus
1255 4508 1359 4574 ductes,
1381 4504 1481 4576 quibus
1500 4522 1556 4558 nou
1576 4502 1695 4556 multum
1711 4500 1857 4556 tribuimus
1875 4498 1998 4553 contenti
2017 4497 2088 4554 Scri·

393 4591 493 4647 diserte
513 4598 541 4646 et
559 4591 703 4661 perspicue
721 4592 757 4646 de
772 4590 827 4645 fide
845 4589 970 4645 salvifica
995 4591 1118 4660 accepit,
1144 4592 1226 4660 cujus
1253 4600 1353 4664 pturae
1378 4591 1471 4656 dictis,
1502 4605 1573 4659 quae
1597 4594 1685 4643 totum
1707 4586 1846 4641 hominem
1871 4602 1921 4655 per
1943 4589 2089 4655 peccatum

393 4676 538 4747 explicatio
556 4678 661 4732 nullam
680 4677 792 4732 omnino
812 4676 868 4731 vim
885 4676 974 4731 textui
992 4675 1067 4745 facit,
1086 4676 1152 4747 quia
1167 4693 1224 4731 cer·
1254 4686 1414 4749 corruptum
1438 4693 1512 4742 esse,
1540 4691 1591 4730 nec
1618 4675 1752 4729 rationem
1777 4672 1813 4727 ab
1836 4671 1890 4727 ists
1915 4670 2088 4740 corruptione

394 4764 483 4818 titudo
511 4763 561 4818 illa
585 4762 769 4818 conscientiae
799 4761 891 4816 locum
919 4778 976 4816 non
1003 4761 1088 4816 habet
1116 4761 1224 4833 absque
1254 4766 1403 4818 immunem
1429 4779 1488 4817 csse
1512 4760 1658 4814 manifeste
1684 4764 1834 4828 testantur,
1861 4773 1933 4829 quae
1961 4773 2027 4826 ergo
2055 4757 2089 4810 de

392 4848 460 4917 fide,
488 4849 625 4920 siquidem
654 4866 688 4904 es
712 4849 773 4903 sola
796 4847 1120 4918 ductum'praeluccutis
1148 4848 1226 4903 verbi
1254 4851 1403 4903 serrcinibus
1422 4851 1568 4913 virtutum,
1589 4847 1712 4899 olebano
1734 4856 1867 4912 naturae,
1886 4845 1930 4911 ⁴cle
1948 4843 2089 4910 preconiis

393 4953 523 5006 sequens,
547 4944 670 4990 nostram
689 4934 885 4989 conscientiam
910 4933 991 5003 plene
1010 4932 1169 5002 coufirmat,
1194 4940 1226 4987 ut
1255 4938 1384 4988 salutum
1413 4942 1464 4989 etc.
1507 4931 1694 4987 Bellarmiuus
1725 4931 1861 4999 disputat,
1891 4928 1961 4981 illud
1991 4928 2090 4982 saltem

391 5022 518 5086 sciamus,
536 5021 675 5092 quicho
686 5021 805 5090 placeat,
823 5020 891 5091 quid
907 5019 1069 5089 displiceat,
1090 5017 1223 5090 quicquid
1252 5022 1385 5091 probant,
1415 5019 1489 5091 quod
1522 5024 1664 5072 externam
1695 5014 1888 5070 locomotivam
1915 5030 1972 5067 non
1999 5014 2089 5068 renati
2157 5076 2166 5086 ,

392 5125 424 5163 ex
442 5108 495 5162 hac
513 5107 569 5161 fide
586 5124 642 5161 uon
660 5105 795 5176 provenit,
815 5106 875 5160 Deo
894 5106 1004 5175 placere
1022 5105 1126 5176 nequit
1157 5104 1225 5159 Ideo
1254 5114 1395 5179 utcunque
1420 5121 1517 5177 regere
1543 5104 1651 5175 possint
1674 5108 1703 5156 et
1726 5100 1835 5155 civilem
1856 5099 2028 5154 honestatem
2049 5116 2090 5154 se·

392 5209 501 5265 quoque
519 5210 610 5262 opera,
629 5209 701 5263 cquae
718 5210 774 5246 nou
793 5191 864 5246 fiunt
881 5210 914 5246 ex
931 5190 996 5259 fide,
1016 5198 1081 5246 sunt
1098 5198 1223 5261 peccata,
1253 5194 1336 5263 ctari,
1363 5193 1412 5247 sed
1435 5209 1497 5247 eam
1524 5208 1617 5245 coram
1634 5190 1696 5243 Deo
1720 5204 1776 5242 non
1792 5202 1852 5240 esse
1869 5193 2031 5256 peccatum,
2060 5185 2089 5240 id

391 5280 457 5349 quia
479 5296 622 5349 nunquam
647 5286 704 5333 tam
731 5295 802 5347 pura
825 5287 853 5333 et
874 5278 1000 5348 perfecta
1023 5282 1090 5331 sunt
1107 5278 1225 5333 hominis
1253 5286 1303 5344 est,
1321 5285 1435 5350 peccato
1453 5267 1668 5333 contaminatam
1685 5273 1809 5328 nondum
1827 5270 1966 5328 evincunt.

391 5381 483 5436 opera,
502 5372 534 5420 ut
550 5381 686 5419 summam
703 5365 781 5419 illam
799 5364 997 5434 perfectionem
1015 5362 1045 5417 iu
1065 5364 1128 5435 lege
1147 5382 1224 5434 prae·
1577 5401 1777 5411 -----

389 5453 521 5522 scriptam
539 5459 737 5524 assequantur,
760 5452 822 5508 ideo
849 5457 943 5506 autem
963 5457 1121 5505 renatorum
1140 5467 1226 5522 opera
1522 5466 1543 5526 ο
1560 5465 1588 5525 Δ
1605 5465 1629 5524 1>
1648 5464 1676 5523 ῃ
1695 5466 1720 5523 'f
1756 5463 1773 5523 1
1779 5462 1818 5522 χ,

389 5538 451 5596 Deo
469 5539 596 5610 placent,
621 5540 688 5610 quia
710 5556 744 5595 ex
767 5537 1066 5636 fidcproficiscuntur,
1090 5537 1158 5608 quia
1174 5553 1225 5606 per
1254 5572 1319 5637 DE
1348 5570 1646 5637 LIBERTATE
1674 5567 1920 5635 ARBITRH
1955 5565 2084 5633 POST

387 5623 473 5681 fidem
489 5642 609 5696 persona
626 5626 687 5680 Deo
708 5625 897 5693 reconciliata,
923 5623 1156 5694 quemadmodum
1175 5639 1224 5692 pa·
1429 5665 1432 5670 .

386 5728 451 5769 rens
467 5711 518 5768 filii
535 5712 725 5767 obedientiam
741 5719 829 5766 ratam
847 5717 875 5765 et
898 5717 1007 5781 gratam
1032 5709 1132 5778 habet,
1160 5708 1226 5763 iude
1434 5674 1531 5740 LAP
1540 5672 1640 5740 SUM
1667 5668 1908 5751 RELIQUA·
2059 5749 2064 5757 .
2102 5707 2213 5800 503⁰·th

387 5806 418 5854 et
434 5798 506 5866 ideo,
527 5797 593 5870 quia
612 5816 629 5853 a
648 5798 706 5853 filio
723 5797 915 5868 proficiscitur.
951 5796 1017 5868 Ipsa
1037 5797 1131 5869 glossa
1151 5795 1224 5851 ordi·
1291 5798 1348 5850 los.
1383 5794 1511 5849 Ceterum
1529 5796 1607 5846 uteo
1625 5790 1722 5847 melius
1736 5789 1916 5862 intelligatis,
1935 5803 1989 5859 quo
2004 5802 2088 5842 seusu
2104 5810 2199 5852 amq.

385 5884 469 5944 uaria
486 5901 521 5942 ox
537 5884 600 5943 hl
619 5884 736 5956 colligit,
755 5899 865 5942 omnam
882 5882 969 5939 vitam
986 5882 1141 5942 infidelium
1161 5897 1226 5938 esse
1237 5831 1243 5938 i
1253 5886 1284 5935 ot
1300 5887 1430 5953 respectu
1446 5879 1476 5934 in
1493 5879 1682 5952 superioribus
1699 5878 1814 5936 libertas
1828 5874 1939 5933 arbihii
1959 5891 1979 5933 a
2002 5874 2085 5932 nobis
2098 5862 2241 5966 5¹:2¹,ssng
