5017 6675
464 589 527 651 250
1129 576 1253 636 nocua
1272 576 1496 637 annuemus

1311 731 1315 753 i

464 738 506 792 Ex
530 736 630 809 quibus
654 735 833 793 manifestum
857 740 899 789 est
921 733 1040 806 gretiam
1066 733 1244 805 adJ'uvantem
1264 732 1300 788 ab
1327 732 1384 788 suis
1403 733 1507 791 viribus
1524 734 1743 806 haudquaquam
1763 731 1851 785 vitare
1868 736 2001 802 possunt,
2028 747 2095 804 ergo
2111 751 2169 789 non

401 890 403 893 Ι
464 823 622 895 Augustino
650 829 719 877 tunc
744 821 862 893 primum
888 820 968 891 poni,
998 820 1109 891 quando
1135 821 1194 875 sine
1219 819 1301 875 liberi
1326 828 1368 875 est
1385 819 1455 877 haec
1475 838 1539 877 vere
1559 829 1587 876 et
1604 821 1716 893 proprie
1736 818 1811 872 dicta
1830 817 1920 889 culpa,
1940 818 2060 890 injustus
2079 820 2169 892 igitur

464 909 572 963 arbitrii
590 909 618 962 in
635 908 746 963 homine
762 907 885 962 nondum
896 911 991 962 renato
1004 907 1198 977 cooperatione
1209 906 1301 978 gratia
1326 905 1440 976 DEUS,
1466 908 1513 979 qui
1539 923 1634 961 veram
1661 910 1690 961 et
1712 903 1822 975 proprie
1849 904 1952 959 dictam
1970 923 2090 975 poenam
2110 900 2167 961 illis

463 995 646 1064 praeveniens
675 1000 789 1065 operata
811 998 854 1048 est
875 992 961 1062 velle,
988 997 1054 1047 tunc
1080 993 1153 1048 onim
1176 994 1299 1064 adjuvat,
1326 991 1378 1046 hoc
1405 986 1524 1048 nomino
1539 993 1651 1064 irrogat.
1687 988 1766 1044 Rom.
1789 998 1819 1059 5,
1843 1008 1868 1043 v.
1894 998 1938 1047 14:
1968 1001 2067 1060 regnat
2090 1010 2167 1047 mors

464 1099 498 1137 ne
517 1082 622 1136 frustra
638 1080 762 1138 velimus.
786 1085 968 1150 spectatum
985 1080 1143 1136 aJohanne
1161 1079 1300 1148 definitur,
1327 1080 1410 1132 ctiam
1431 1081 1460 1132 in
1479 1097 1533 1148 eos,
1552 1081 1601 1150 qui
1617 1095 1674 1132 non
1682 1085 1800 1147 peccant
1816 1077 1846 1130 in
1857 1077 2070 1132 similitudinem
2077 1096 2166 1148 prce·

463 1167 539 1237 quod
562 1167 598 1221 sit
619 1165 737 1239 ἀνομία,
766 1172 787 1221 t.
813 1165 931 1237 epistola
953 1173 981 1231 3,
1004 1185 1030 1223 r.
1058 1173 1082 1223 4.
1106 1166 1183 1220 nulla
1204 1136 1507 1221 habitsivaricationis
1525 1166 1614 1220 Adae.
1651 1163 1736 1217 Porro
1760 1163 1833 1216 inter
1856 1162 1995 1219 hominem
2012 1181 2068 1219 non
2085 1182 2166 1220 rena·

462 1251 611 1307 voluntarii
625 1252 740 1308 ratione.
763 1251 1080 1324 RegeritBellarminus,
1095 1254 1124 1306 in
1139 1253 1300 1315 definitione
1311 1228 1314 1347 :
1326 1255 1385 1304 tum
1403 1257 1431 1305 et
1450 1251 1587 1321 pecudem
1609 1248 1680 1305 haec
1698 1257 1740 1304 est
1758 1248 1928 1315 differentia,
1953 1250 2029 1321 quod
2050 1251 2099 1307 ille
2117 1269 2164 1307 vo-

458 1341 572 1408 peccati
587 1340 687 1393 virtute
705 1339 845 1393 contineri
860 1339 979 1393 libe-rum
997 1339 1158 1407 arbitrium,
1176 1357 1238 1392 cum
1255 1338 1299 1391 ies
1311 1356 1313 1363 ’
1326 1335 1431 1391 luntate
1449 1336 1592 1407 praeditus
1612 1344 1662 1404 est,
1682 1352 1738 1407 qua
1754 1336 1843 1390 libere
1860 1343 1889 1391 et
1908 1354 1964 1391 non
1981 1346 2078 1392 coacte
2098 1354 2164 1409 pec·

462 1445 518 1480 non
541 1429 623 1480 daur
646 1427 705 1480 nisi
724 1427 774 1495 iis,
803 1427 854 1496 qui
879 1426 996 1479 libonem
1019 1433 1119 1492 pensat
1142 1424 1299 1493 arbitrium,
1324 1428 1388 1476 cato
1407 1423 1504 1490 servit,
1524 1422 1590 1476 licet
1607 1440 1663 1477 non
1681 1423 1768 1492 possit
1787 1440 1843 1476 non
1860 1441 1992 1493 peccare,
2011 1423 2080 1479 haec
2099 1442 2165 1480 vero

454 1513 574 1577 frustra
601 1514 675 1566 enim
702 1515 789 1567 datur
816 1513 916 1582 rapula
942 1513 981 1581 ei,
1008 1512 1057 1580 qui
1083 1531 1137 1566 non
1160 1512 1242 1566 babet
1269 1513 1298 1565 in
1325 1507 1479 1564 voluntarie
1497 1527 1552 1563 non
1569 1509 1643 1580 agit,
1667 1508 1732 1563 licet
1754 1514 1852 1579 sponte
1870 1527 1903 1564 ex
1927 1510 2060 1564 instinctu
2080 1517 2161 1566 natu·

456 1603 594 1666 potestate
617 1599 742 1653 actiones
768 1617 851 1665 sans,
879 1599 990 1668 alioqui
1012 1600 1095 1652 detur
1118 1613 1220 1667 amna,
1248 1594 1376 1651 carnali
1397 1601 1476 1665 agat,
1506 1594 1580 1664 quod
1599 1595 1642 1649 vel
1662 1611 1695 1649 ex
1713 1594 1871 1649 Lombardo
1891 1613 1941 1651 suo
1962 1595 2069 1651 discere
2086 1601 2163 1667 potc-

461 1682 553 1736 bestiis
579 1685 675 1739 nullae
698 1686 929 1754 praescribantur
954 1686 1048 1753 tapes.²
1073 1683 1297 1755 Respondemus:
1310 1704 1312 1733 :
1325 1686 1369 1735 rat
1385 1679 1583 1748 Bellarminus,
1615 1681 1662 1751 qui
1682 1681 1783 1734 diserte
1804 1681 1914 1750 scribit,
1942 1683 2079 1736 bominem
2097 1690 2163 1737 ante

460 1766 503 1823 lex
523 1769 590 1824 data
603 1770 658 1825 fuit
669 1769 774 1826 homini
793 1778 821 1826 et
838 1772 914 1826 cordi
932 1771 1019 1842 ipsius
1037 1771 1170 1841 inscripta
1182 1769 1210 1823 in
1223 1777 1297 1824 statu
1326 1768 1535 1837 reparationem
1552 1767 1663 1837 gratiae
1680 1785 1736 1821 non
1755 1784 1841 1837 posse
1864 1787 1920 1821 non
1939 1774 2060 1838 peccare
2079 1777 2106 1822 et
2122 1777 2164 1822 ta·

459 1854 642 1925 integritatis,
665 1873 730 1909 cum
749 1857 839 1912 adhuc
857 1857 981 1928 integras
999 1857 1036 1911 ad
1052 1857 1206 1927 perfectam
1232 1855 1297 1910 obe·
1325 1872 1386 1906 mon
1405 1853 1491 1908 libere
1506 1870 1642 1923 peccare,
1666 1853 1798 1907 nimirum
1816 1856 1883 1923 qaia
1900 1855 2029 1909 salamas
2047 1857 2112 1924 ejus
2130 1856 2165 1909 li-

460 1938 595 1995 dicntiam
613 1942 685 1997 vires
705 1942 850 2010 obtineret,
870 1943 944 2014 quod
963 1943 986 1997 si
1005 1943 1120 2014 propria
1139 1942 1221 2011 culpa
1233 1941 1296 1994 viri-
1324 1941 1390 1993 beru
1409 1948 1484 1993 csta
1503 1940 1667 1993 necesitate
1685 1941 1849 2009 coactionis,
1871 1959 1927 1994 non
1952 1951 2043 1994 atatem
2061 1960 2081 1995 a
2096 1959 2164 2012 pec·

458 2026 510 2081 bus
546 2027 600 2081 illis
641 2035 728 2084 semet
764 2029 856 2100 ipsum
884 2028 967 2083 homo
999 2027 1135 2099 privavit,
1170 2013 1384 2098 nunquidicnsi
1399 2028 1536 2081 servitute.
1574 2031 1597 2082 2.
1615 2033 1685 2083 sent.
1710 2026 1771 2081 dist.
1791 2032 1831 2082 25.
1853 2026 1875 2082 1.
1912 2026 2028 2097 cherit
2053 2034 2082 2083 et
2101 2027 2164 2098 hoc,

460 2119 607 2183 propterea
633 2115 667 2170 de
687 2117 752 2186 jure
771 2114 901 2187 exigendi
920 2131 953 2168 ac
974 2113 1138 2184 reposcendi
1156 2114 1231 2184 quod
1249 2102 1350 2181 ‹io-3³2·
1374 2131 1431 2166 non
1454 2121 1494 2166 cst
1519 2113 1596 2166 bocru
1625 2114 1695 2167 bono
1717 2114 1817 2167 merito
1842 2115 1902 2166 nnc
1926 2114 2014 2167 libero
2034 2115 2162 2184 arbitrio,

460 2197 554 2264 derat,
579 2199 641 2255 Deo
663 2202 808 2272 quippiam
827 2199 954 2256 decedit?
975 2199 1086 2254 minime
1103 2216 1176 2255 vcro.
1211 2200 1255 2254 Ac
1273 2188 1420 2253 sifaactsm
1445 2201 1556 2252 rationo
1579 2217 1635 2252 non
1660 2201 1713 2252 erit
1736 2201 1814 2253 bocru
1831 2200 1907 2253 malo
1929 2202 2037 2269 merito,
2062 2202 2161 2255 eadem

458 2284 504 2339 lex
528 2302 583 2339 non
606 2287 726 2356 pertinet
750 2287 786 2340 ad
812 2303 872 2355 eos,
896 2284 949 2338 nisi
974 2285 1021 2356 qni
1048 2302 1097 2356 per
1116 2284 1235 2341 liberum
1253 2266 1394 2364 ar-ienim
1421 2286 1536 2338 libertas
1564 2287 1606 2338 ad
1628 2286 1787 2354 praemium
1813 2294 1838 2340 et
1856 2303 1979 2355 poenam
1999 2288 2160 2356 requiritur.

457 2369 570 2425 bitrium
593 2389 691 2427 cavere
704 2378 822 2443 possunt
839 2377 963 2443 peccata,
982 2388 1038 2425 una
1055 2371 1139 2426 litura
1157 2370 1545 2443 delabiturtRespondemus:
1578 2370 1607 2426 in
1636 2371 1793 2427 actionibus
1818 2373 1959 2428 moraliter
1986 2372 2068 2429 bonis
2096 2373 2160 2429 talis

457 2465 603 2527 peccatum
620 2459 735 2530 orIginis
754 2460 783 2513 in
803 2458 966 2523 infantibus,
986 2457 1035 2512 ubi
1053 2459 1127 2513 enim
1145 2459 1223 2514 nulla
1241 2460 1294 2524 lex,
1322 2458 1459 2529 quaedam
1485 2457 1600 2511 libertas
1622 2456 1714 2512 adhuc
1736 2457 1858 2528 reliqua,
1884 2460 2011 2531 quamvis
2029 2460 2156 2515 voluntas

457 2541 497 2597 ibi
533 2559 586 2598 nec
621 2543 742 2618 ἀνομία,
779 2544 829 2600 ubi
857 2561 913 2613 non
945 2551 987 2599 est
1016 2543 1137 2618 iuopia,
1174 2544 1214 2600 ibi
1242 2561 1294 2600 nec
1320 2543 1438 2598 hominis
1458 2543 1547 2615 magis
1567 2543 1681 2599 inclinet
1701 2545 1737 2598 ad
1756 2545 1867 2619 mulum,
1887 2563 1970 2616 quam
1991 2546 2029 2601 ad
2046 2546 2158 2616 bonum,

456 2637 610 2698 peccatum.
1322 2631 1397 2700 quod
1415 2630 1476 2700 ipsa
1494 2629 1542 2683 illa
1559 2630 1690 2700 praemia,
1709 2630 1810 2701 quibus
1831 2632 1985 2701 excitanda,
2004 2639 2033 2688 et
2049 2649 2159 2704 poenae

330 2734 373 2777 uui
388 2744 435 2774 non
493 2723 533 2772 69.
570 2717 706 2775 Secundo.
745 2717 780 2772 Si
802 2735 857 2771 non
877 2725 917 2771 cst
935 2718 965 2771 in
981 2717 1091 2772 bomine
1111 2717 1227 2771 libertas
1247 2736 1294 2771 ar·
1321 2715 1424 2787 quibus
1442 2715 1608 2771 restenanda
1625 2722 1681 2781 est,
1698 2721 1831 2771 testatum
1849 2717 1970 2787 faciunt,
1997 2719 2046 2774 sed
2065 2719 2159 2791 quoad

329 2791 367 2878 {fi}
381 2787 442 2877 ¹⁸,¹,b¹'
457 2802 542 2867 bitrii,
560 2804 656 2858 nullas
670 2804 723 2858 erit
731 2803 860 2874 praemio
873 2795 1138 2874 autpocnaelocus,
1157 2805 1294 2858 idautcrn
1320 2802 1478 2857 interiorem
1506 2803 1709 2873 corruptionem
1739 2808 1767 2858 et
1794 2804 1887 2874 quoad
1917 2811 2035 2875 peccata
2067 2805 2160 2861 cordis

330 2893 416 2938 bedu.
456 2891 595 2943 communi
621 2891 704 2944 totius
727 2890 845 2943 barzani
867 2891 977 2959 pennis
1001 2909 1083 2944 seruc
1106 2909 1141 2943 ac
1160 2886 1454 2949 consensa,interiora
1476 2905 1531 2944 non
1557 2896 1598 2945 cst
1621 2889 1650 2943 in
1672 2889 1782 2944 homine
1808 2890 1907 2945 eadem
1924 2891 2038 2946 libertas
2057 2892 2093 2945 ad
2111 2893 2187 2970 bo·-

328 2942 431 3043 ibrienn'iio
455 2976 608 3041 refellitur.
643 2976 867 3048 Respondemus:
890 2983 912 3033 1.
931 2976 960 3034 Si
979 2978 1014 3033 de
1031 2975 1160 3048 praemiis
1178 2993 1211 3032 ac
1228 2964 1387 3047 poe’num
1414 2992 1447 3029 ac
1472 2975 1575 3030 malum
1601 2975 1736 3030 meritum.
1777 2975 1898 3030 Proinde
1920 2977 2080 3032 consecutio
2104 2997 2161 3034 non

329 3054 498 3136 ssssfidfiissssnis
527 3063 557 3117 in
587 3062 647 3118 foro
671 3063 784 3135 politico
810 3064 918 3135 agitur,
949 3063 1126 3120 concedimus
1154 3063 1294 3119 hominem
1320 3061 1411 3126 valet,
1438 3061 1573 3133 siquidem
1596 3061 1700 3117 bonum
1721 3067 1763 3118 est
1781 3079 1814 3116 ex
1834 3061 1925 3117 causis
1942 3062 2072 3118 omnibus
2089 3064 2160 3120 inte·

329 3148 403 3188 1⁰⁰¹*
455 3150 579 3204 nondum
603 3156 731 3206 renatum
747 3149 850 3206 habere
869 3151 961 3206 adhuc
980 3150 1137 3207 libertatem
1155 3150 1294 3223 dirigendi
1306 3184 1308 3235 ἢ
1320 3147 1386 3219 gris,
1404 3146 1515 3203 dicebat
1525 3147 1685 3218 Dionysius,
1705 3147 1756 3202 sed
1773 3147 1875 3202 maium
1893 3155 1985 3204 estex
2002 3166 2060 3204 una
2073 3149 2160 3205 etiam

457 3235 580 3290 actiones
603 3243 729 3292 externus
749 3243 777 3291 et
796 3237 913 3308 regendi
933 3244 1074 3291 externam
1090 3236 1293 3306 locomotiram‚
1305 3242 1308 3319 t
1321 3250 1405 3288 causa
1426 3233 1580 3299 deficiente,
1598 3235 1663 3289 inde
1682 3234 1755 3289 mala
1772 3234 1887 3290 bominis
1908 3252 1994 3306 opera
2011 3244 2077 3293 sunt
2094 3255 2159 3308 per·

455 3321 573 3392 proinde
592 3329 668 3378 recte
685 3321 725 3394 fit,
746 3323 822 3395 quod
839 3323 911 3379 ben'e
928 3322 1076 3396 agentibus
1091 3322 1223 3396 praemia,
1243 3324 1293 3380 sed
1306 3326 1308 3362 Ι
1320 3319 1393 3375 fecte
1411 3320 1486 3375 mala
1504 3322 1610 3391 merita,
1632 3321 1681 3376 sed
1699 3321 1773 3377 bona
1788 3320 1907 3378 hominis
1925 3340 2009 3394 opera
2026 3343 2082 3380 non
2092 3329 2160 3379 sunt

456 3408 529 3465 maie
551 3409 699 3481 agentibus
721 3426 828 3480 poenae
845 3410 1044 3474 decernuntur,
1077 3411 1152 3481 quod
1179 3410 1226 3481 qui
1246 3427 1293 3466 ne·
1321 3406 1445 3478 perfecte
1480 3406 1555 3463 bona
1587 3408 1699 3477 merita,
1735 3408 1871 3480 siquidem
1901 3414 1966 3464 sunt
1997 3410 2160 3483 imperfecte

456 3512 523 3571 gare
541 3495 638 3565 vellet,
660 3495 752 3568 ipsum
771 3495 931 3568 politiarum
950 3496 1162 3551 fundamentum
1180 3495 1293 3552 subver-
1321 3493 1409 3563 bona3
1433 3493 1506 3549 adde
1529 3494 1604 3566 quod
1626 3495 1704 3549 nulla
1722 3495 1777 3549 sint
1795 3513 1887 3551 coram
1905 3497 1966 3551 Deo
1984 3496 2058 3552 bona
2074 3515 2160 3569 opera

455 3587 539 3651 teret,
563 3582 700 3654 siquidem
724 3583 848 3654 praemia
870 3601 903 3639 ac
927 3599 1034 3655 poenae
1052 3590 1217 3638 conservant
1238 3603 1293 3640 ros·
1321 3578 1375 3633 nisi
1392 3584 1565 3649 renatorum,
1589 3580 1636 3651 qui
1656 3597 1710 3635 non
1728 3582 1846 3653 amplius
1868 3587 1932 3638 sunt
1952 3584 1981 3637 in
2000 3586 2074 3638 statu
2092 3600 2159 3654 pec·

455 3666 590 3738 publicas.
617 3674 641 3724 2.
655 3670 684 3726 Si
699 3675 801 3741 agatur
813 3669 848 3723 de
867 3669 997 3741 praemiis
1015 3686 1048 3723 ac
1066 3669 1163 3739 poenis
1183 3670 1211 3724 in
1232 3670 1292 3726 foro
1320 3665 1389 3734 cati,
1416 3667 1466 3721 sed
1485 3666 1514 3720 in
1532 3671 1607 3721 statu
1624 3669 1745 3739 gratiae:
1775 3667 1878 3723 sufficit
1903 3669 1939 3723 ad
1957 3669 2032 3725 mala
2050 3671 2159 3740 merita,

451 3752 553 3824 judicii
582 3753 684 3823 divini,
720 3754 849 3809 distincte
886 3754 1118 3825 respondendum.
1164 3752 1459 3811 PraeminrAdamum
1480 3752 1601 3826 primum
1625 3754 1735 3825 generis
1758 3754 1843 3810 nostri
1863 3761 2022 3825 parentem,
2050 3772 2083 3811 ex
2101 3773 2158 3828 qno

456 3839 529 3894 enim
548 3844 597 3893 aut
614 3844 680 3893 sunt
695 3838 796 3910 hujus,
823 3846 872 3895 aut
890 3842 1001 3896 futurae
1018 3840 1104 3911 vitae,
1129 3841 1244 3912 perinde
1263 3825 1435 3897 ut'naturae
1455 3840 1659 3910 corruptionem
1682 3839 1829 3910 trahimus,
1861 3840 2013 3912 perfectam
2041 3842 2077 3896 ad
2108 3842 2160 3899 bo·

393 3964 398 3970 ·
457 3931 484 3981 at
502 3941 617 3995 poenae.
652 3923 786 3980 Praemiis
814 3925 898 3997 hujus
922 3926 995 3981 vitae
1019 3927 1077 3982 sive
1095 3909 1385 3998 temporalibusinum
1405 3931 1571 3994 potestatem
1588 3944 1639 3997 pro
1657 3945 1686 3981 se
1705 3943 1738 3981 ac
1755 3926 1873 3997 posteris
1892 3926 1987 3983 aDeo
2006 3928 2158 3999 accepisse.

454 4019 648 4067 remuneratur
672 4010 772 4066 DEUS
801 4016 941 4066 externam
965 4012 1107 4067 hominum
1131 4014 1214 4068 etiam
1236 4010 1452 4076 nomQuaestio
1475 4012 1535 4082 illa,
1561 4030 1645 4083 quam
1669 4012 1804 4069 coronidis
1823 4012 1885 4067 loco
1905 4013 1971 4069 huic
1990 4021 2158 4087 argumento

329 4110 355 4149 v.
369 4094 442 4151 14⁴ss
455 4104 613 4152 renatorum
632 4095 819 4167 disciplinam,
840 4105 868 4152 et
885 4097 988 4152 delicta
1006 4098 1111 4154 auceia
1129 4079 1417 4171 regulariteriattexit
1447 4096 1645 4168 Bellarminus,
1676 4100 1711 4152 de
1741 4100 1847 4152 memes
1874 4100 2007 4155 bonorum
2031 4119 2157 4173 apertam,

327 4159 365 4203 ¹⁵²
379 4158 441 4211 [Μ’
455 4182 537 4256 punit
555 4172 695 4238 atrocibus
714 4181 824 4253 poenis,
852 4188 884 4236 ut
901 4180 954 4237 hac
971 4183 1078 4240 ratione
1096 4159 1399 4258 conserventnrisuum
1423 4190 1521 4254 postea
1542 4183 1657 4239 habebit
1675 4184 1780 4254 locum;
1804 4192 1888 4258 negat
1905 4188 1962 4240 sibi
1976 4188 2089 4257 sumpse
2110 4190 2159 4243 bo·

455 4269 578 4343 politiae,
594 4267 673 4323 Exod
695 4275 716 4337 i,
738 4285 763 4322 v,
784 4272 830 4325 21:
852 4269 919 4337 quia
938 4269 1086 4325 timuerunt
1099 4263 1437 4343 Aegyptiacae'minibus
1457 4271 1620 4338 aduersari,
1642 4272 1719 4341 quod
1736 4270 1910 4339 Augustinus
1929 4274 2013 4343 dicit,
2032 4277 2160 4343 qratiam

455 4356 613 4412 obstetrices
637 4354 774 4420 DEUM,
799 4355 961 4423 aedbtcauit
986 4357 1047 4410 illis
1070 4359 1186 4426 domos,·
1213 4376 1292 4429 prae·
1319 4373 1374 4408 non
1394 4373 1451 4409 essc
1470 4374 1503 4410 aa
1520 4356 1633 4423 merito,
1662 4355 1742 4410 tollat
1763 4356 1859 4429 igitur,
1889 4375 1960 4429 quae
1984 4360 2019 4413 de
2039 4377 2159 4433 praepa·

454 4441 516 4497 miis
542 4441 661 4497 aeternis
688 4457 744 4495 non
767 4448 964 4517 remuneratum
983 4441 1083 4499 DEUS
1108 4443 1162 4497 nisi
1183 4451 1291 4500 renato·
1317 4443 1424 4498 ratione
1443 4443 1480 4497 nd
1500 4443 1619 4515 gratiam
1642 4447 1670 4498 et
1689 4443 1786 4499 merito
1805 4444 1921 4516 congrui
1940 4445 2158 4518 disputantura

453 4537 515 4583 rum
541 4544 639 4598 opera,
668 4526 753 4600 idque
776 4543 832 4581 non
850 4544 884 4581 ex
902 4527 1000 4583 morito
1018 4529 1162 4601 condigni,
1190 4531 1238 4586 scd
1259 4528 1503 4610 exIScholasticis.

454 4613 578 4689 gratuita
597 4612 798 4682 misericordia,
816 4613 856 4667 nil
873 4614 951 4669 Deus
968 4614 997 4668 in
1015 4615 1094 4670 nobis
1112 4622 1224 4686 praeter
1241 4635 1293 4673 sua
1354 4624 1395 4674 70.
1431 4615 1533 4672 Tertio.
1574 4616 1608 4670 a·
1630 4635 1687 4670 non
1711 4624 1780 4671 esset
1807 4617 1922 4671 libertas
1942 4619 2069 4690 arbitrii,
2100 4636 2207 4679 nonai

453 4703 527 4758 dona
551 4706 761 4773 coronat3'qua
784 4699 892 4755 ratione
911 4702 1033 4773 pertinet
1050 4703 1176 4774 quaestio
1195 4703 1231 4758 ad
1248 4721 1290 4759 rc·
1304 4745 1306 4791 Ι
1319 4696 1408 4757 assent
1432 4704 1488 4757 alii
1504 4703 1583 4768 boni,
1612 4703 1766 4772 altinati,
1788 4719 1838 4758 nec
1856 4704 1998 4759 aliialiis
2014 4700 2207 4781 motionum

453 4795 548 4853 natos,
567 4804 635 4859 quos
655 4802 714 4841 esse
732 4788 782 4840 rob
801 4790 872 4841 θεοῦ
891 4791 1042 4860 συνέργους
1062 4787 1186 4843 inbonis
1203 4790 1290 4859 operi·
1318 4789 1393 4862 quod
1411 4788 1520 4843 fulsum.
1555 4787 1778 4859 Respondemus:
1808 4796 1828 4845 l.
1847 4789 1953 4846 ratione
1971 4793 2207 4864 corruptionisbu

451 4872 505 4928 bus
522 4890 579 4929 non
597 4871 755 4942 diffitemur,
775 4872 913 4944 siquidem
932 4872 1051 4931 liberata
1069 4891 1087 4929 a
1102 4875 1210 4946 pcccati
1218 4876 1291 4948 jugo
1303 4881 1305 4896 '
1317 4874 1460 4947 originalis
1487 4875 1571 4928 simiel
1596 4892 1688 4930 omncs
1706 4876 1819 4930 inutiles
1834 4877 1911 4942 facti
1927 4888 2002 4948 sunt,
2027 4898 2078 4934 nec
2095 4881 2157 4936 ulla
2168 4854 2207 4936 2¹2}

456 4959 584 5015 voluntas
602 4960 713 5015 noviss
733 4956 839 5031 Spiritu
858 4965 954 5014 sancto
971 4960 1082 5015 donatis
1101 4960 1207 5016 viribus
1228 4979 1290 5018 coo·
1303 4947 1305 4987 ⁹
1318 4972 1358 5016 cst
1380 4962 1531 5029 distinctio,
1550 4979 1643 5015 omncs
1660 4969 1725 5016 sunt
1738 4970 1909 5032 peccatores,
1926 4962 2006 5021 Rom.
2026 4972 2050 5032 3,
2067 4983 2095 5021 v.
2114 4947 2207 5040 πῃ

454 5052 576 5116 peretur.
594 5052 617 5103 ³.
636 5044 746 5101 Poenas
764 5045 929 5115 temporales
949 5054 978 5101 et
995 5053 1121 5102 aeternas
1135 5047 1290 5117 justissimo
1302 5109 1305 5114 7
1318 5056 1341 5106 2.
1359 5048 1479 5104 Ratione
1496 5054 1672 5103 ertemorum
1691 5049 1841 5103 actualium
1860 5055 2040 5121 peccatorum
2060 5053 2156 5110 discri-

455 5147 505 5186 suo
527 5130 635 5202 judicio
658 5131 763 5204 irrogat
781 5131 882 5189 DEUS
900 5131 976 5197 illis,
1000 5133 1048 5205 qui
1075 5140 1232 5205 corruptam
1257 5119 1380 5203 crimen
1407 5134 1547 5207 quoddam
1572 5143 1615 5191 cst
1639 5136 1669 5190 in
1687 5154 1742 5191 non
1761 5136 1878 5206 renatis,
1906 5139 2057 5193 Fabricium
2083 5142 2156 5197 anim

452 5217 562 5272 Adamo
582 5225 710 5275 naturam
728 5218 843 5275 trahunt
860 5224 889 5275 et
906 5226 1022 5291 peccato
1036 5220 1164 5292 originali
1178 5221 1289 5277 obnoxii
1302 5233 1304 5256 ³
1317 5224 1407 5275 irrisus
1425 5221 1516 5275 malus
1541 5238 1624 5289 quam
1646 5221 1780 5291 Catilina,
1799 5241 1855 5276 non
1873 5239 1956 5280 aeras
1973 5225 2092 5281 uirtutes
2106 5227 2156 5282 ba·

451 5310 610 5377 nascuntur,
629 5306 652 5360 si
665 5307 709 5361 vel
722 5306 840 5362 maxime
857 5306 980 5363 nondum
998 5306 1102 5363 habent
1120 5307 1200 5365 liberi
1216 5308 1289 5364 arbi·
1301 5303 1304 5312 '
1316 5308 1413 5375 beredo,
1432 5308 1488 5375 secl
1501 5326 1519 5360 a
1539 5308 1614 5361 ocris
1631 5308 1780 5362 virtutibus
1796 5327 1852 5362 non
1870 5310 1986 5364 mabum
2004 5311 2157 5386 deviam

452 5390 498 5446 trii
508 5406 596 5458 usum,
608 5410 662 5463 quo
670 5392 885 5449 haereditarium
897 5392 966 5448 illud
979 5393 1086 5464 pcccati
1099 5393 1196 5449 foenus
1209 5395 1289 5450 novis
1316 5393 1406 5465 inquit
1428 5393 1604 5467 Augustinus
1631 5393 1680 5451 lib.
1701 5402 1725 5452 4.
1749 5402 1845 5451 contra
1866 5394 1970 5452 Julian.
1991 5415 2014 5453 c.
2034 5404 2064 5471 3;
2089 5416 2155 5457 con-

452 5475 603 5535 actualium
620 5484 798 5549 peccatorum
815 5479 918 5535 debitis
937 5486 1067 5553 augeant.
1099 5479 1289 5554 RegeritBel·
1315 5481 1438 5536 cedimus
1470 5480 1556 5552 igitur
1587 5487 1716 5553 respectu
1745 5481 1856 5537 illarum
1886 5484 2045 5554 actionum,
2080 5503 2155 5558 quae

450 5565 597 5635 larmirus,
617 5583 673 5620 non
691 5583 750 5622 esse
769 5585 864 5621 acram
884 5567 1012 5637 csslpam,
1038 5583 1111 5636 pisae
1129 5568 1216 5621 abari
1233 5587 1290 5623 non
1314 5575 1442 5640 pugnant
1467 5558 1530 5621 cum
1559 5575 1672 5623 externa
1697 5567 1856 5640 disciplina,
1887 5568 2010 5641 aliquam
2038 5587 2100 5627 ease
2123 5574 2177 5629 in-

446 5654 551 5724 possit,
578 5652 655 5708 alias
680 5653 790 5709 milam
811 5656 877 5721 fore
904 5654 977 5708 inter
999 5653 1137 5708 bominem
1154 5672 1189 5708 nc
1201 5639 1370 5723 pecu-'non
1392 5652 1496 5709 renatis
1517 5651 1624 5708 arbitrii
1646 5654 1814 5709 libertatem.
1851 5661 1873 5709 3.
1894 5656 1936 5710 Ac
1957 5672 2052 5713 semen
2070 5658 2156 5730 origi-

358 5747 361 5753 '
452 5740 514 5794 dem
533 5738 731 5812 differentiam.
766 5737 992 5811 Respondemus:
1023 5738 1183 5797 Nascuntur
1199 5738 1290 5795 infun·
1315 5740 1385 5796 nulis
1411 5739 1483 5795 labis
1509 5739 1538 5794 iu
1563 5738 1624 5795 aliis
1646 5746 1731 5813 utque
1754 5741 1816 5795 aliis
1841 5739 2021 5812 copiosiorem
2047 5744 2158 5816 profert

451 5835 493 5881 tes
512 5827 619 5901 peccati
639 5824 782 5900 originalis
797 5826 868 5898 jugo
887 5826 1043 5882 necessario
1062 5824 1192 5893 obnoxii,
1211 5827 1287 5900 quod
1300 5845 1302 5862 ¹
1315 5833 1444 5901 segetem,
1463 5827 1600 5899 siquidem
1618 5827 1727 5884 fovetur
1743 5828 1772 5883 in
1794 5827 1961 5900 quibusdam
1980 5845 2070 5901 prava
2086 5831 2158 5890 edu·
