5017 6675
431 522 471 581 8⁰
1108 510 1239 570 meus
1260 508 1450 568 CRI’MUS

430 669 477 725 tiis
499 673 591 723 textus
615 683 751 723 mannua
785 666 880 721 Prima
902 666 1111 722 111111111ηῆ1
1134 665 1266 738 temporis
1294 682 1355 737 sup.
1375 665 1403 721 h.
1423 665 1441 718 l.
1460 681 1495 721 ex
1511 662 1619 721 Erasm.
1636 662 1779 717 Dossiaus
1797 661 1886 717 Jssss
1903 661 2051 731 11111111
2068 658 2142 715 aliis

430 758 481 811 ast
508 753 633 809 Christus
650 753 785 809 hactem
798 753 902 808 diserte
914 753 1113 822 poeniendam
1127 753 1267 819 docuerat,
1293 751 1328 804 s'd
1352 768 1439 819 pesas
1464 750 1561 804 muhs's
1582 748 1735 820 parabolis
1760 748 1830 803 rudi
1851 764 2004 818 erusscque
2024 745 2141 817 populo

430 858 548 912 regnum
565 840 620 896 Dei
637 847 733 911 aperte
751 840 973 911 praedicaverat,
999 855 1093 894 veram
1118 837 1267 894 beatitudi·
1293 837 1468 906 proponebut
1497 837 1648 904 imagineas
1675 835 1769 898 suari
1802 850 1945 889 suceoesue
1972 832 2141 903 mappalici,

429 927 473 982 nis
491 928 704 998 consequendae
720 926 854 982 estimem
873 925 1020 996 perspicue
1039 924 1202 991 tradiderat,
1221 941 1268 997 ge-
1294 940 1448 977 samonem
1470 939 1551 976 saum
1578 924 1621 976 ad
1646 923 1770 992 ipsomet
1797 930 1911 991 captam
1938 928 2142 990 attemperant.

429 1013 546 1068 nuinum
579 1012 650 1084 legis
678 1029 788 1067 sensum
816 1019 846 1068 et
874 1011 1048 1067 Christianae
1073 1011 1149 1066 vitae
1176 1009 1269 1065 officia
1296 1015 1319 1064 1.
1344 1008 1473 1064 Recitata
1498 1008 1632 1079 parabola
1658 1007 1795 1065 exclamat
1812 1006 1953 1063 Christus:
1982 1008 2034 1077 qai
2057 1007 2141 1062 tates

431 1099 491 1154 sine
508 1098 692 1170 ambiguitate
711 1105 884 1169 exposuerat,
903 1097 1113 1152 contumacibus
1132 1104 1160 1151 et
1176 1097 1268 1167 ingra-
1294 1112 1380 1149 aures
1397 1097 1438 1149 od
1455 1096 1635 1158 uadendum,
1655 1095 1764 1150 audiat.
1794 1092 1943 1160 1111118.
1961 1099 2014 1149 stc
2034 1094 2139 1161 aeas,

379 1184 381 1189 ’
430 1185 468 1240 tis
499 1201 612 1254 poenas·
631 1184 753 1256 graviter
785 1184 1011 1250 denuntiaverat,
1046 1182 1267 1236 adversariorum
1297 1183 1435 1250 1111οά1
1451 1181 1589 1249 cadatis,
1606 1181 1693 1237 Marc.
1712 1187 1737 1243 1,
1756 1197 1782 1235 v.
1800 1186 1842 1242 21,
1860 1179 1962 1252 quibus
1980 1177 2076 1235 verbis
2093 1195 2141 1233 vo·

431 1270 584 1326 calumnias
612 1269 701 1325 solide
725 1275 754 1325 et
776 1270 919 1325 evidema
942 1268 1147 1336 confutaverat,
1173 1283 1269 1322 omnes
1297 1267 1349 1320 luit
1367 1266 1508 1323 auditores
1526 1266 1659 1335 invitare,
1677 1266 1798 1324 excitare
1816 1269 1845 1321 et
1862 1264 1979 1333 hortari,
2000 1271 2033 1319 ut
2052 1262 2141 1336 expli·

431 1355 590 1411 laborantes
608 1355 697 1410 amice
715 1356 751 1409 ad
769 1372 799 1410 se
819 1356 1000 1424 invitaverat3
1020 1355 1080 1425 jam
1098 1355 1209 1409 demum
1226 1370 1268 1407 se·
1296 1354 1432 1409 ostionem
1456 1352 1606 1424 parabolae
1631 1369 1650 1407 a
1670 1368 1702 1407 se
1726 1358 1866 1422 peterem,
1892 1350 1943 1406 sed
1961 1350 2095 1422 discipuli
2112 1357 2142 1406 et

432 1441 523 1498 cundo
550 1440 693 1495 ministerii
719 1457 792 1496 anno
819 1440 916 1511 incipit
938 1440 1014 1511 loqui
1038 1457 1089 1510 per
1114 1438 1269 1510 parabolas,
1297 1439 1378 1510 pauci
1396 1439 1510 1511 quidam
1528 1438 1577 1494 alii
1595 1438 1647 1494 hoc
1664 1439 1781 1507 faciunt,
1800 1437 1913 1510 reliquis
1929 1437 2141 1494 discedentibus

432 1527 507 1597 quod
525 1525 645 1597 primum
662 1533 712 1581 est.
738 1526 859 1580 ¹Deinde
879 1526 962 1581 etiam
979 1525 1032 1580 hoc
1050 1526 1196 1581 observare
1205 1541 1269 1578 con-
1297 1532 1325 1579 et
1345 1524 1432 1579 verba
1455 1523 1558 1580 Christi
1585 1524 1834 1580 contemnentibus.
1877 1525 1948 1579 tum
1973 1524 2048 1577 enim
2070 1530 2141 1577 esset

432 1612 523 1681 venit,
553 1611 627 1683 quod
653 1612 752 1666 eodem
775 1611 821 1666 die
841 1611 883 1680 [ut
899 1628 933 1666 ex
950 1609 1092 1666 Matthseo
1111 1609 1269 1680 colligitur],
1298 1609 1457 1683 serapiaca
1477 1611 1557 1680 [teste
1574 1608 1671 1665 Marco
1689 1627 1713 1666 c.
1734 1617 1762 1678 1,
1785 1626 1811 1665 v.
1832 1608 1890 1679 10],
1911 1608 2142 1679 imnogaseraat

432 1694 583 1768 parabolas
600 1698 651 1752 has
665 1696 793 1752 Christus
811 1696 996 1767 proposuerit,
1017 1713 1155 1767 quocum
1173 1694 1271 1749 scribis
1298 1712 1359 1748 sum
1382 1697 1440 1764 tui,
1468 1697 1518 1766 qui
1540 1697 1617 1750 circa
1641 1698 1735 1766 ipsam
1753 1714 1813 1750 ussa
1832 1713 1895 1750 eum
1913 1697 2078 1764 duodecim,
2105 1696 2142 1750 ds

432 1789 462 1838 et
494 1783 652 1838 Pharisaeis
680 1783 716 1837 de
743 1782 877 1837 udrsculo
905 1783 989 1852 ejecti
1015 1781 1153 1837 daemonii
1178 1797 1270 1835 acrem
1295 1782 1439 1849 parabole
1462 1783 1527 1838 ists.
1569 1781 1706 1854 [Vulgata
1727 1782 1818 1838 versio
1841 1780 1931 1835 minus
1949 1787 2025 1837 rests
2045 1780 2141 1837 reddi·

436 1869 668 1924 concertationem
686 1868 830 1938 habuerat,
848 1883 903 1939 quo
922 1869 988 1923 item
1007 1867 1042 1923 ob
1058 1867 1154 1923 turbas
1173 1883 1270 1921 conve
1299 1868 1353 1929 dit3
1372 1868 1614 1939 interrogaverunt
1631 1884 1694 1923 eum
1713 1866 1755 1937 hi,
1777 1866 1906 1940 quicum
1923 1884 1956 1923 eo
1974 1875 2054 1923 mant
2073 1867 2142 1923 duo-

433 1954 540 2011 nientes
559 1963 589 2010 et
605 1953 692 2025 ipsius
710 1953 865 2008 doctrinam
882 1960 966 2026 atque
984 1954 1121 2009 medelam
1141 1959 1271 2023 expeten-
1300 1953 1403 2009 decim:
1429 1954 1505 2009 unde
1523 1953 1629 2008 factum
1647 1959 1696 2017 est,
1715 1954 1790 2025 quod
1808 1969 1842 2008 ex
1859 1952 1886 2007 h.
1904 1952 1923 2006 l
1941 1952 2075 2025 colligere
2091 1970 2140 2009 vo-

433 2047 478 2095 tes
496 2057 532 2096 ue
551 2041 644 2096 cibum
662 2039 775 2112 quidem
791 2055 891 2108 capere
908 2045 1025 2108 poterat
1057 2039 1271 2110 Cumergonou
1301 2041 1423 2104 luerunt,
1444 2041 1528 2096 laicos
1547 2057 1566 2095 a
1582 2040 1743 2112 scripturae
1761 2040 1880 2096 lectione
1896 2040 2045 2103 arcendos,
2073 2040 2142 2111 quia

434 2127 524 2181 solum
541 2126 640 2181 Matth.
659 2133 683 2181 5.
702 2132 726 2181 6.
744 2131 769 2180 t.
786 2125 816 2178 in
834 2131 935 2194 monte,
955 2125 1005 2180 sed
1022 2124 1106 2179 etiam
1123 2142 1174 2195 per
1192 2124 1272 2179 disci·
1300 2127 1336 2181 ad
1353 2128 1426 2182 solos
1444 2127 1583 2198 apostolos
1601 2127 1703 2182 dixerit
1719 2125 1861 2182 Christust
1881 2126 1961 2182 vohis
1980 2127 2078 2182 datum
2096 2131 2141 2182 est

434 2212 516 2283 pulos
544 2224 610 2268 suos
639 2211 785 2282 ablegatos
813 2209 924 2276 (blattb.
954 2214 1005 2275 to.)
1036 2212 1170 2282 mysteria
1194 2209 1273 2265 verbi
1301 2230 1381 2268 nosse
1402 2213 1536 2283 mysteria
1555 2213 1634 2284 regni
1652 2212 1791 2268 coelorum
1810 2216 1862 2269 etc.
1881 2211 1999 2282 inscite]
2027 2219 2052 2268 5.
2070 2212 2143 2267 Cum

435 2297 562 2354 omnihus
579 2303 675 2367 aperte
692 2295 881 2366 proposuerit,
902 2295 970 2366 quin
987 2300 1016 2350 et
1035 2295 1095 2366 ipse
1112 2296 1209 2352 eodem
1227 2296 1274 2349 die
1301 2299 1374 2353 enim
1393 2298 1522 2370 discipuli
1543 2306 1652 2353 etcum
1672 2298 1728 2352 illis
1745 2298 1859 2371 quidam
1877 2316 1912 2354 ex
1929 2298 2047 2370 reliquis
2064 2298 2143 2353 audi-

435 2383 504 2438 satis
533 2382 680 2454 perspicue
712 2382 748 2436 de
778 2398 865 2452 regno
894 2380 949 2437 Dei
977 2381 1063 2437 fuerit
1086 2381 1273 2450 concionatus,
1301 2385 1407 2440 toribus
1435 2384 1574 2440 Christum
1605 2385 1772 2440 accederent
1799 2391 1827 2440 et
1855 2383 1891 2438 de
1915 2401 1982 2441 vero
2013 2383 2143 2456 paraboli

435 2469 503 2525 inde
525 2469 695 2541 colligimus,
727 2467 868 2523 Christum
891 2485 942 2539 per
963 2467 1113 2539 parabolas
1134 2469 1202 2524 istas
1219 2486 1274 2524 non
1301 2488 1384 2527 sensu
1402 2471 1513 2526 edoceri
1531 2477 1666 2541 peterent,
1686 2470 1812 2526 Christus
1831 2471 1887 2526 illis
1905 2471 2064 2543 respondit:
2090 2470 2143 2524 Vo-

438 2555 600 2625 simpliciter
618 2554 737 2610 voluisse
756 2554 896 2610 auditores
920 2554 956 2610 ab
975 2554 1118 2610 intellectu
1134 2555 1213 2610 verbi
1229 2571 1274 2609 ex·
1302 2558 1344 2611 dis
1368 2558 1465 2610 (111111
1486 2564 1527 2611 est
1550 2575 1631 2612 nosse
1654 2559 1791 2625 mysteria
1813 2558 1895 2627 repsi
1913 2559 2054 2612 walenses
2072 2556 2142 2612 Luc.

436 2642 563 2711 cludere,
589 2658 684 2698 verum
708 2641 776 2712 qnia
799 2641 828 2695 in
847 2641 933 2696 verbo
951 2641 1098 2712 perspicue
1115 2641 1275 2712 praedicato
1303 2647 1327 2710 8,
1348 2661 1374 2697 v.
1396 2651 1436 2700 111.
1472 2641 1533 2707 Quo
1551 2659 1618 2699 vero
1637 2644 1735 2700 ordine
1754 2650 1815 2699 erat
1831 2643 1947 2699 datum?
1974 2649 2144 2714 acceperant

437 2729 561 2785 oblatam
586 2727 705 2800 31111111
732 2727 867 2783 hactenus
894 2726 1043 2782 noluerunt
1070 2726 1183 2799 quidam
1206 2727 1276 2782 reci·
1303 2729 1504 2785 donanaturae
1523 2736 1552 2786 et
1569 2731 1685 2802 gratiae
1720 2729 1845 2787 Naturae
1858 2730 1961 2785 donum
1978 2736 2046 2798 erat,
2066 2728 2145 2800 qnod

437 2830 511 2886 pere,
529 2815 579 2870 sed
597 2831 660 2869 cum
680 2829 788 2867 summa
806 2812 1008 2885 ingratitudine
1027 2829 1088 2868 eam
1107 2815 1272 2884 rejecerunt,
1302 2822 1431 2886 poterant
1442 2816 1540 2871 audire
1558 2823 1587 2873 et
1605 2815 1712 2872 videre:
1731 2815 1839 2887 getiae
1855 2815 1960 2871 donum
1977 2820 2045 2879 erat.
2065 2814 2145 2886 qnod

438 2900 552 2973 quidam
572 2899 700 2956 convitiis
718 2907 746 2955 et
762 2898 942 2970 blasphemiis
964 2915 1026 2954 eam
1044 2899 1183 2970 prosecuti
1202 2903 1275 2968 sunt,
1302 2903 1431 2957 audirent
1454 2902 1570 2957 verbum
1593 2902 1647 2957 Dei
1672 2908 1701 2957 et
1724 2901 1850 2957 riderent
1872 2899 2008 2955 miracula
2029 2899 2145 2958 Christi.

436 2987 501 3043 ideo
518 2987 641 3058 ipsorum
661 2985 837 3057 diligentiam
854 2985 1062 3055 praedicatione
1078 2985 1276 3057 parabolarum
1303 2988 1382 3042 Haec
1393 2988 1447 3044 Dei
1465 2989 1546 3057 dona,
1565 2990 1633 3059 quia
1649 2995 1808 3043 reverenter
1819 2986 1962 3057 accipiunt
1980 2992 2009 3041 et
2026 2985 2065 3041 de
2078 3003 2144 3042 vexo

437 3074 558 3131 cxcinrs
576 3073 673 3141 voluit,
692 3089 756 3126 cum
775 3087 840 3126 vero
858 3071 1014 3142 praefracte
1027 3077 1056 3126 et
1067 3076 1276 3142 perseveranter
1302 3091 1385 3130 sensu
1409 3075 1487 3131 verbi
1516 3076 1604 3130 auditi
1633 3081 1699 3130 sunt
1727 3074 1841 3143 soliciti,
1870 3072 1934 3128 ideo
1962 3072 2081 3146 insuper
2109 3089 2143 3128 sa

436 3160 554 3215 verbum
580 3164 756 3215 conmanere
781 3163 809 3214 et
830 3157 946 3228 reiicere
964 3164 1128 3229 pergerent;
1154 3157 1277 3212 ostendit
1302 3163 1393 3233 gratia
1413 3161 1469 3216 illis
1489 3162 1584 3231 datur,
1610 3168 1643 3217 nt
1666 3161 1750 3217 etiam
1774 3160 1880 3232 possint
1903 3176 1985 3216 nosse
2008 3159 2141 3232 mysteria

437 3245 507 3301 illud
524 3245 617 3315 ipsam
636 3245 752 3300 verbum
770 3250 848 3299 tanto
866 3243 1000 3315 gravioris
1014 3243 1199 3299 damnationis
1210 3259 1275 3297 cau·
1301 3247 1380 3319 regui
1393 3248 1539 3304 coelorum
1567 3248 1622 3310 Qui
1637 3249 1709 3302 ess‘m
1725 3247 1815 3315 huba,
1832 3246 1948 3299 dubitur
1965 3245 2000 3314 ei,
2018 3254 2045 3299 st
2056 3247 2142 3300 ab*

438 3347 498 3388 nm
516 3330 616 3386 iisdem
632 3330 766 3388 futurum.
801 3328 889 3386 Marc.
910 3336 934 3400 4,
955 3349 981 3386 v.
999 3335 1029 3386 2:
1049 3331 1166 3385 docebat
1183 3348 1230 3385 sos
1244 3330 1276 3384 is
1302 3334 1594 3399 aestuantius.
1617 3337 1662 3403 ¹²3
1682 3336 1710 3389 oi
1729 3336 1837 3405 ἔχοντες
1853 3337 1919 3388 sunt
1937 3331 1987 3402 illi,
2005 3332 2055 3405 qui
2070 3332 2142 3390 dms

434 3419 585 3488 parabolis
609 3415 705 3472 multa
738 3416 902 3488 Hieronym.
923 3433 986 3487 sup.
1015 3422 1054 3472 13.
1077 3415 1191 3471 muna
1216 3417 1275 3471 No
1303 3420 1355 3475 Dei
1380 3428 1538 3477 reverenter
1565 3421 1721 3493 accipiunt,
1749 3427 1831 3493 gata
1859 3424 1952 3475 mente
1977 3422 2142 3491 agnoscunt,

437 3507 569 3573 wadum,
599 3504 677 3573 11111
689 3521 757 3585 'noa
779 3506 874 3558 omnia
896 3504 934 3557 sit
954 3504 995 3558 eis
1014 3503 1124 3557 locutus
1142 3504 1172 3556 in
1185 3520 1274 3572 paro·
1301 3512 1376 3563 recte
1402 3507 1459 3562 illis
1485 3512 1603 3562 utuntur
1625 3524 1717 3580 neque
1743 3506 1902 3563 occasiones
1928 3505 2014 3570 ullas,
2042 3506 2143 3579 quihus

437 3591 522 3659 bolis,
539 3592 592 3646 ssd
607 3590 704 3644 multo.
744 3589 779 3644 ss·
797 3591 870 3644 enim
890 3590 985 3644 omnia
1004 3590 1121 3644 (11111111
1137 3590 1169 3644 in
1184 3606 1274 3658 pare·
1301 3594 1330 3647 in
1348 3594 1440 3649 studio
1456 3593 1570 3664 pietatis
1594 3593 1728 3664 prolicere
1746 3599 1875 3664 possunt,
1899 3591 2062 3664 negligimt,
2088 3593 2142 3648 ill'm

437 3678 518 3746 dolis,
531 3678 634 3747 absque
648 3677 828 3731 nusiamento
837 3678 943 3746 populi
953 3677 1137 3732 recessissent.
1160 3677 1275 3745 Perspi-
1302 3698 1320 3735 a
1337 3681 1399 3736 Deo
1418 3681 1480 3752 plns
1500 3680 1620 3749 dabitur,
1639 3680 1755 3753 augebit
1773 3679 1803 3735 in
1819 3678 1876 3734 illis
1893 3676 1973 3734 Deus
1993 3695 2047 3734 sua
2060 3680 2142 3748 dona,

437 3782 491 3818 cua
504 3765 593 3832 igitur
604 3763 700 3816 miscet
712 3763 845 3830 obscuris,
862 3771 893 3816 ut
900 3780 956 3832 per
968 3781 1010 3832 eu,
1022 3778 1094 3832 quoe
1108 3762 1275 3831 intelligant,
1302 3773 1334 3820 nt
1357 3773 1386 3821 et
1408 3766 1462 3836 ipsi
1490 3749 1579 3837 magis
1603 3765 1813 3835 confirmentur,
1837 3771 1923 3836 atque
1942 3764 2011 3820 alios
2028 3764 2144 3838 insuper

433 3858 624 3920 prosecentur
636 3850 677 3902 ad
688 3865 783 3902 eorum
795 3850 938 3918 notitiam,
957 3866 1028 3917 quus
1039 3868 1095 3904 noa
1106 3849 1274 3916 intelligunt.
1301 3852 1422 3906 Domino
1432 3852 1659 3921 lucrifacientes
1667 3852 1782 3908 tandem
1791 3851 1882 3922 etjam
1889 3851 1965 3907 dona
1973 3850 2080 3922 gloriae
2087 3851 2145 3907 iliis

438 3935 518 3991 Haec
535 3934 698 4005 Hieronym.
721 3934 803 4001 Quod
815 3951 840 3987 v.
853 3939 894 3990 31.
912 3935 1032 4004 additur,
1050 3936 1111 3989 sins
1125 3936 1276 4004 parabolis
1302 3938 1466 4010 obtingant:
1484 3954 1548 3993 eum
1567 3938 1641 3993 enim
1661 3955 1721 3993 esse
1740 3935 1838 3992 horum
1856 3936 2002 3992 verborum
2019 3953 2141 4009 sensum,

439 4021 654 4090 loquebatuses's
666 4020 874 4088 niiit,·seorsim
886 4028 978 4074 nutem
987 4021 1138 4090 discipulis
1148 4022 1275 4075 1111111-
1303 4031 1381 4095 patet
1404 4041 1438 4079 ex
1457 4022 1591 4093 parabola
1613 4022 1794 4087 mlenwrum,
1818 4021 1919 4078 Matth.
1939 4028 1986 4092 tt,
2004 4038 2032 4078 v.
2055 4029 2095 4080 11.
2115 4029 2145 4079 ά

328 4107 548 4162 1v.rsassrebst
566 4107 677 4174 omnia,
693 4105 723 4160 id
742 4105 917 4175 potissimum
937 4107 973 4161 de
985 4106 1163 4162 concionibus
1173 4106 1275 4162 Christi
1303 4127 1395 4181 seqq.,
1412 4110 1458 4164 cai
1473 4109 1571 4165 eadem
1588 4109 1674 4164 verba
1691 4108 1907 4180 subjunguntur.
1924 4126 1951 4162 v.
1969 4114 2011 4164 211.
2047 4110 2143 4183 Atque

442 4193 491 4248 illo
514 4200 638 4263 tempore
662 4191 766 4246 habitis
789 4190 1015 4263 intelligendum,
1041 4199 1124 4249 antea
1143 4193 1216 4249 enim
1233 4209 1276 4247 sa·
1302 4196 1342 4251 ita
1365 4196 1489 4266 exemplo
1512 4195 1610 4250 horum
1630 4193 1806 4267 ἐρευνώντων
1822 4199 1870 4249 ani
1890 4191 2057 4263 ἔρωτόνιων
2076 4213 2142 4252 con·

440 4280 477 4336 tis
500 4278 622 4335 dilucide
649 4277 782 4349 mysteria
804 4276 885 4349 regni
902 4278 1027 4334 coelestis
1045 4286 1223 4350 exposuerat,
1247 4285 1277 4336 et
1302 4281 1428 4336 firmatur
1444 4281 1515 4346 illud
1533 4280 1635 4336 Christi
1652 4280 1718 4337 Joh.
1737 4286 1763 4349 t,
1781 4299 1808 4336 v.
1826 4288 1874 4337 ⁴5:
1896 4281 2003 4349 Omnis,
2021 4281 2072 4351 qrss'
2091 4300 2142 4338 aa·

441 4367 517 4438 quod
540 4366 629 4438 primo
656 4364 722 4419 solis
748 4363 892 4435 discipulis
920 4364 1092 4435 explicabat,
1116 4365 1154 4420 'id
1179 4372 1278 4437 postea
1303 4370 1346 4422 dit
1362 4385 1382 4421 a
1400 4370 1487 4422 Patre
1502 4384 1562 4422 meo
1580 4375 1606 4421 st
1624 4368 1721 4436 discit,
1738 4367 1812 4420 venit
1829 4368 1870 4420 ad
1886 4383 1938 4440 aaa
1972 4372 1997 4423 t
2016 4366 2062 4424 De
2079 4368 2143 4424 seli·

439 4467 490 4521 per
507 4453 647 4524 apostolos
666 4451 765 4507 eadem
782 4449 979 4521 perspicuitate
997 4450 1124 4506 omnibus
1143 4450 1197 4507 tuis
1213 4469 1277 4524 pro·
1304 4453 1366 4523 quis
1383 4453 1461 4517 dicit,
1477 4453 1540 4507 illis
1557 4471 1614 4508 nos
1631 4469 1691 4506 csse
1708 4453 1809 4506 (111111
1822 4468 1904 4506 nosse
1915 4454 2050 4521 mystes-ia
2062 4454 2144 4523 repsi

439 4538 569 4609 positum.
605 4537 667 4594 Hoc
691 4544 785 4593 autem
808 4544 932 4608 tempore
951 4536 1039 4592 voluit
1061 4537 1103 4592 uti
1127 4538 1276 4608 parabolis,
1304 4540 1457 4607 coelorum,
1482 4537 1551 4594 Luc.
1575 4543 1606 4606 8,
1628 4556 1654 4592 v.
1683 4544 1726 4593 tu:
1754 4538 1806 4607 gui
1826 4539 1899 4593 ssim
1918 4556 1975 4594 sos
1992 4540 2089 4611 taba,
2115 4539 2144 4593 α’

439 4641 475 4681 ue
500 4624 683 4680 oecitantibus
708 4622 881 4679 auditoribus
906 4629 935 4679 et
957 4623 1035 4679 verbi
1053 4623 1140 4677 divini
1158 4632 1277 4680 conmm-
1304 4627 1387 4681 etiam
1406 4625 1497 4692 illud,
1518 4624 1707 4694 1111111111,
1728 4624 2084 4693 auferri,h1atth.l.'t,v.
2105 4632 2144 4683 12.

438 4710 546 4768 toribus
569 4708 734 4781 margaritas
752 4709 885 4781 objiceret
910 4714 939 4764 et
961 4709 1095 4780 mysteria
1117 4710 1197 4782 regni
1216 4728 1277 4766 coe·
1303 4712 1329 4767 h.
1348 4728 1371 4767 e.
1394 4712 1428 4766 id
1444 4712 1522 4779 quod
1539 4712 1651 4765 videtur
1668 4710 1771 4764 babere
1788 4710 1858 4765 Luc.
1874 4717 1898 4776 8,
1918 4730 1945 4767 v.
1967 4715 2004 4768 18.
2023 4712 2098 4767 Ideo
2113 4728 2144 4765 ss

438 4799 516 4855 lestis
540 4797 645 4853 trusus
670 4795 726 4852 illls
749 4804 931 4869 proponeret,
958 4796 1007 4867 qui
1031 4796 1108 4852 nullo
1128 4797 1277 4853 discendae
1304 4800 1334 4852 ia
1348 4798 1499 4868 parobolis
1510 4799 1552 4851 ad
1568 4798 1635 4851 illos
1652 4796 1739 4866 ioqui,
1758 4799 1826 4866 gaia
1844 4798 1968 4851 sidmtss
1979 4798 2146 4852 meam

437 4882 562 4943 veritatis
580 4883 674 4941 studio
691 4882 867 4940 tenebantur.
904 4888 928 4937 3.
947 4882 1032 4938 Marc.
1048 4889 1079 4951 1,
1098 4902 1125 4937 v.
1146 4889 1187 4940 33.
1209 4884 1277 4939 dici·
1304 4894 1330 4939 st
1347 4885 1494 4939 audientes
1511 4902 1567 4938 aon
1589 4884 1710 4937 audiunt
1731 4900 1819 4953 seque
1841 4883 2017 4951 intelligant,
2042 4881 2145 4940 1111111.

437 4977 492 5042 tur,
513 4971 657 5030 Christum
671 4986 728 5040 per
738 4969 896 5041 menenius
908 4968 1029 5022 locatam
1045 4986 1104 5024 esse
1118 4972 1159 5024 ad
1170 4973 1277 5039 turbas,
1306 4977 1353 5042 13,
1371 4990 1397 5026 v.
1418 4976 1463 5039 13,
1489 4970 1576 5025 etsie
1594 4968 1725 5040 impletur
1741 4968 1771 5024 in
1789 4968 1844 5023 illis
1861 4967 2007 5044 prophetia
2023 4968 2146 5026 Eudae:

438 5065 522 5132 prout
538 5061 669 5131 poterant
686 5056 790 5120 audire,
810 5055 884 5109 uude
901 5059 986 5124 patet,
1004 5052 1088 5110 finem
1106 5058 1277 5126 parabolica·
1304 5058 1406 5112 andiu
1425 5057 1557 5119 sudata,
1577 5063 1603 5109 et
1622 5072 1678 5108 sos
1697 5055 1862 5136 intellipets’s
1880 5061 1933 5110 etc.
1950 5071 1978 5108 v.
1999 5060 2045 5124 11,
2063 5055 2147 5111 vides

439 5157 501 5199 rum
518 5145 681 5200 concionum
699 5142 793 5205 inissa
813 5157 870 5196 uon
888 5145 920 5194 ut
938 5140 1175 5198 absconderentur
1193 5159 1211 5197 a
1227 5161 1277 5215 po·
1304 5159 1391 5215 quare
1417 5142 1532 5213 reliquis
1556 5140 1626 5195 illud
1653 5157 1709 5195 non
1734 5141 1820 5196 faerit
1848 5140 1960 5206 datm,
1985 5145 2063 5196 certe
2087 5157 2149 5196 non

439 5230 506 5300 pulo
529 5230 663 5300 mysteria
686 5226 766 5301 regni
792 5225 931 5293 coelestis,
956 5226 1007 5281 sed
1031 5231 1064 5281 nt
1081 5228 1231 5283 dilucidius
1250 5236 1279 5284 et
1305 5245 1338 5283 ex
1362 5227 1491 5283 absoluto
1518 5226 1611 5298 aliquo
1635 5225 1746 5282 decreto
1765 5227 1809 5281 vel
1823 5226 1879 5282 Dei
1896 5226 1974 5292 odio,
2002 5224 2071 5298 quia
2087 5243 2148 5283 non

323 5347 340 5355 ·=
439 5314 590 5386 simplicius
614 5333 664 5387 pro
682 5309 806 5387 ipsorum
822 5318 907 5383 captu
927 5321 1136 5384 exponerentur,
1156 5331 1190 5369 ex
1205 5315 1278 5370 acci·
1304 5312 1395 5368 minus
1417 5312 1474 5367 illis
1496 5313 1570 5369 dona
1587 5317 1704 5367 naturae
1727 5318 1757 5368 et
1773 5312 1881 5383 getiae
1898 5319 1979 5368 mant
1994 5328 2147 5383 concessu

440 5400 516 5457 denti
532 5401 651 5464 demum,
669 5401 799 5458 videlicet
810 5404 925 5471 propter
942 5405 1111 5454 contemtum
1130 5400 1277 5456 conciones
1305 5399 1387 5455 datae
1405 5409 1484 5454 eraut
1499 5397 1556 5452 illis
1576 5415 1610 5453 cx
1629 5397 1703 5453 douo
1720 5403 1838 5453 naturae
1854 5414 1944 5468 aures,
1963 5397 2068 5470 quibus
2087 5414 2148 5453 non

439 5485 613 5558 parabolicae
638 5501 845 5557 praegressum,
872 5483 943 5539 illud
967 5491 1010 5539 est
1034 5490 1174 5552 secutum,
1201 5488 1280 5554 qnod
1305 5487 1395 5540 minus
1414 5484 1511 5539 audire
1529 5488 1667 5554 poterant,
1689 5500 1773 5556 quam
1787 5482 1895 5554 reliqui,
1915 5482 1974 5538 dati
1991 5489 2073 5539 mant
2088 5483 2150 5539 illis

439 5573 587 5628 messes
609 5591 666 5628 soa
692 5575 858 5642 audierant,
885 5579 911 5625 st
928 5572 1051 5626 videntes
1074 5589 1130 5625 noa
1147 5573 1279 5626 cidssust
1305 5590 1339 5628 ex
1356 5573 1428 5627 dono
1446 5575 1563 5626 1111111
1581 5570 1661 5638 oculi,
1683 5568 1786 5640 quibus
1803 5586 1858 5625 non
1876 5570 1969 5625 minus
1986 5570 2151 5641 viderepo-

439 5667 492 5717 ete.
528 5655 575 5715 sie
588 5657 724 5716 Varinus:
749 5654 893 5729 aspostoli
912 5656 1069 5728 παράθεσίς
1086 5656 1160 5711 ἐστιν
1177 5652 1279 5730 ὁμοιωὲ
1303 5663 1412 5722 terant,
1443 5674 1527 5729 quam
1552 5655 1666 5730 reliquit
1693 5656 1807 5726 iusuper
1830 5656 1927 5711 datum
1950 5655 2090 5711 illiserat
2112 5672 2151 5712 ex

322 5749 325 5756 '
438 5743 540 5829 panai
569 5745 617 5801 tut
642 5750 780 5817 σαφηνείᾳ
808 5744 864 5800 asir
892 5741 1092 5820 ὑποκειμένων.
1134 5742 1277 5810 11111111.
1305 5744 1378 5800 dono
1394 5744 1503 5816 1111111
1518 5740 1701 5800 audireidem
1719 5741 1835 5798 verbum
1851 5741 1990 5816 evangelii
2008 5741 2152 5802 aridas
