5017 6675
448 622 509 683 254
1114 608 1483 669 nocusunnncmus

447 768 478 825 in
502 768 684 825 sufficientem
708 774 737 824 et
759 768 899 826 dicacem
922 766 1101 822 dividendam
1112 760 1178 823 'esse
1198 780 1283 837 nege·
1312 764 1418 834 petitur
1436 763 1555 834 Spiritus
1579 783 1600 820 s.
1618 763 1674 819 sibi
1690 764 1794 833 resisti,
1816 764 1952 836 permittit
1974 782 2045 837 opus
2065 782 2149 821 suum

447 870 522 923 mus,
550 855 687 925 siquidem
705 872 762 909 une
780 854 930 925 eademque
947 852 1002 908 Dei
1021 853 1113 925 gratis
1136 858 1188 919 est,
1213 869 1285 924 quae
1310 850 1454 921 impediri,
1479 849 1555 905 videt
1572 851 1673 905 multos
1693 868 1723 905 se
1747 850 1822 922 ipsos
1839 853 2018 907 conversione
2035 859 2065 907 et
2082 870 2147 908 con-

449 940 478 995 in
499 941 678 997 credentibus
694 948 835 1011 operatur,
862 946 890 995 et
914 956 985 1012 quae
1012 939 1048 994 eb
1075 939 1224 995 incredulis
1242 956 1284 994 re·
1311 934 1445 991 versionis
1462 935 1573 1001 fructu,
1602 936 1663 1007 ipsa
1687 936 1794 991 scilicet
1810 926 1868 991 iim
1886 944 1999 993 aeterna
2013 937 2146 1009 indignos

321 1021 402 1112 {1322
404 1021 435 1111 ΙΨ
448 1027 567 1097 pellitur.
605 1028 693 1099 Sapit.
714 1033 752 1081 12.
775 1026 907 1096 disputat,
924 1026 1284 1095 undesumotnreffiencia
1307 1021 1443 1091 judicare.
1479 1022 1617 1079 Voluntas
1634 1023 1721 1095 ipitur
1737 1024 1766 1077 in
1788 1024 1915 1079 omnibus
1933 1024 2091 1080 hominibus
2106 1030 2148 1081 est

322 1125 416 1173 sistus.
447 1113 572 1181 pretias,
598 1115 646 1165 nin·
660 1113 754 1182 primo
773 1112 835 1165 loeo
854 1112 985 1181 repudiat
1005 1128 1099 1165 eonem
1117 1112 1284 1181 opinionem,
1311 1114 1376 1177 post
1391 1106 1517 1179 lapsum3
1542 1114 1574 1163 ut
1599 1114 1693 1165 autem
1711 1110 1839 1163 voluntas
1859 1110 1928 1165 velit
1945 1110 2050 1165 bonum
2068 1109 2147 1181 spiri·

448 1199 499 1267 qui
514 1199 637 1266 pretinm
658 1200 802 1264 dicacem
819 1198 985 1252 constituunt
1002 1198 1033 1251 iu
1051 1215 1166 1251 asserssu
1180 1205 1205 1250 et
1221 1215 1282 1255 eoo:
1310 1194 1399 1264 tuale,
1424 1193 1454 1247 id
1476 1212 1532 1249 non
1552 1194 1689 1251 habetor
1708 1195 1765 1249 suis
1783 1195 1901 1261 viribus,
1927 1197 2065 1268 siquidem
2083 1204 2167 1267 pec·'

442 1286 594 1353 paratione
608 1285 743 1352 isinana,
769 1284 808 1337 r'tn
833 1292 863 1336 ut
885 1285 920 1335 ub
946 1291 1041 1337 euentu
1058 1284 1152 1351 pratia
1171 1284 1285 1336 dieatm
1310 1284 1372 1332 ceto
1391 1278 1490 1344 servit,
1509 1286 1626 1335 renovat
1642 1280 1728 1352 igitur
1745 1280 1866 1351 Spiritus
1883 1300 1905 1335 s.
1922 1282 1951 1336 in
1968 1283 2148 1339 conversione

448 1372 560 1437 efficere,
579 1370 645 1438 qnia
661 1370 792 1423 uidelicet
809 1371 925 1424 sortitur
942 1371 1079 1439 effectum,
1098 1377 1123 1421 ei
1141 1369 1205 1423 ideo
1222 1387 1283 1422 sor·
1309 1364 1427 1418 hominis
1444 1366 1615 1421 voluntatem
1633 1384 1666 1421 ac
1684 1368 1771 1423 douai
1788 1366 1814 1423 ei
1830 1384 1917 1422 navae
1934 1368 2014 1438 vires,
2041 1368 2143 1441 quibus

447 1457 516 1510 titur
533 1458 663 1525 effictum.
681 1457 748 1523 quia
761 1457 889 1510 celeritas
903 1457 1026 1509 bumana
1040 1464 1214 1523 cooperatur,
1226 1472 1284 1524 per
1309 1450 1445 1505 insunets
1461 1450 1564 1507 bonum
1582 1458 1647 1508 actu
1664 1453 1735 1509 velle
1753 1458 1783 1509 ei
1798 1452 1902 1527 eligere
1919 1454 2016 1525 possit,
2036 1455 2147 1509 interim

447 1559 531 1611 quom
551 1541 715 1610 opinionem.
731 1540 798 1594 dicit
819 1543 930 1595 ‹lestrni
948 1542 1059 1609 proriae
1078 1541 1238 1609 efficaciam
1258 1550 1283 1595 et
1310 1554 1343 1591 ex
1368 1536 1537 1592 adhaerente
1561 1548 1677 1594 naturae
1705 1537 1843 1609 pravitate
1859 1546 1951 1611 potest
1967 1540 2050 1598 homo
2070 1540 2145 1596 nolle

446 1627 531 1680 simui
551 1628 846 1695 praedestinationem.
893 1629 1005 1681 Deinde
1033 1628 1168 1695 repertiat
1198 1628 1283 1679 etiam
1312 1619 1421 1690 bonum,
1441 1630 1534 1694 potest
1552 1624 1672 1694 Spiritus
1691 1642 1713 1678 s.
1732 1640 1802 1696 opus
1814 1622 1959 1695 impedire,
1976 1643 2010 1681 ac
2028 1626 2146 1698 proinde

448 1712 562 1767 illorum
583 1713 757 1781 opinionem,
782 1714 833 1781 qui
857 1714 971 1780 docent,
994 1714 1117 1780 proteum
1139 1714 1282 1779 efficacem
1310 1708 1472 1777 neutiquam
1490 1708 1655 1781 dicendum,
1679 1711 1755 1784 quod
1778 1711 1809 1765 in
1831 1712 2010 1768 conversione
2027 1712 2147 1783 physica

447 1814 505 1852 esse
524 1799 661 1853 astionem
681 1799 742 1852 Dei
759 1800 919 1868 piiysicam,
947 1816 1019 1867 quoe
1042 1799 1210 1852 deterosinat
1235 1817 1282 1851 so·
1309 1792 1429 1863 quadem
1448 1794 1557 1849 actione
1574 1797 1666 1869 petia
1682 1797 1846 1853 determinet
1863 1798 2034 1855 voluntatem
2049 1799 2147 1855 advo·

446 1884 581 1937 luaiatem
604 1886 645 1937 ad
669 1885 818 1938 volendum
845 1894 869 1938 et
889 1885 1050 1955 elipandum
1069 1886 1182 1952 bortum,
1207 1887 1284 1953 quood
1308 1876 1421 1933 lendum
1439 1895 1472 1934 ac
1491 1881 1652 1954 eligendum
1670 1882 1782 1938 bonum.
1822 1895 1835 1918 0

447 1970 494 2025 illi
502 1971 605 2037 fuerat
619 1988 675 2040 per
696 1972 819 2039 qratiam
839 1972 1003 2025 natantem
1022 1973 1191 2039 inspiratum
1198 2010 1206 2038 ,
1228 1988 1283 2040 per
1348 1991 1351 2001 ·

447 2074 531 2125 quam
549 2058 707 2126 opinionem
733 2056 802 2111 dicit
827 2058 936 2112 destrui
953 2057 1078 2125 pralium
1095 2058 1283 2122 sufficientem

447 2151 473 2197 el
493 2142 610 2197 liberum
625 2144 791 2211 arlitrinm,·
809 2144 870 2211 ipim
886 2159 952 2196 vero
970 2160 1032 2196 eam
1051 2143 1209 2212 opinionem
1224 2161 1282 2196 am·
1632 2160 1841 2170 --

313 2264 317 2269 -
345 2235 373 2277 v.
387 2231 433 2278 rit.
442 2229 592 2297 plectitur,
621 2231 698 2298 quod
714 2230 811 2299 pratia
831 2230 937 2297 essicac
954 2229 1088 2283 commetat
1107 2230 1138 2282 in
1156 2230 1282 2284 illustra·

448 2315 521 2369 mons
541 2332 575 2369 ac
591 2315 776 2384 inspiratione
794 2316 915 2371 interna.

483 2407 526 2458 tr.
559 2401 784 2472 Respondemus:
811 2401 880 2456 eum
905 2400 939 2455 de
958 2401 1032 2471 ipso,
1060 2406 1092 2455 ut
1115 2401 1155 2455 ita
1174 2402 1280 2472 loquar,
1561 2389 1783 2452 SESTIO
1818 2390 1867 2451 ΙΙ.

447 2491 553 2557 puncto
571 2486 757 2542 conversionis
776 2486 820 2540 bic
841 2495 949 2557 agatur,
970 2487 1032 2542 ideo
1052 2493 1133 2541 ceute
1148 2486 1281 2557 navigan·

447 2574 529 2641 dum,
553 2590 587 2627 ne
612 2572 657 2626 vel
680 2573 715 2626 sd
736 2571 859 2642 Scyllam
877 2572 1059 2644 Pelagianam
1083 2571 1128 2627 vel
1156 2570 1281 2627 odCha·
1307 2538 1375 2604 DE
1411 2541 1797 2611 DISTINOTIONE
1832 2545 1987 2612 INTER
2020 2546 2143 2614 ΕΒΑ·

447 2656 549 2729 rybdin
573 2658 694 2713 absoluti
718 2657 822 2712 decreti
839 2657 1002 2712 deferamur.
1038 2657 1084 2713 Sic
1102 2675 1168 2729 ergo
1185 2675 1281 2729 proce·
1435 2644 1562 2711 TIAM
1596 2645 1918 2713 OPERANTEM
1950 2648 2016 2714 ΕΤ

447 2744 546 2798 dimus.
580 2743 674 2797 Primo
692 2744 815 2797 omnium
833 2745 957 2798 cavenda
976 2749 1040 2798 sunt
1058 2751 1188 2807 extrema,
1208 2761 1281 2812 quac
1524 2747 1549 2813 0
1560 2746 1729 2815 OOPER
1735 2750 1803 2816 AN
1812 2752 1873 2816 ΤΕ
1882 2751 1925 2817 Μ,

393 2892 410 2907 ,
447 2828 566 2899 Spiritus
587 2848 608 2883 s.
626 2828 655 2883 in
677 2829 729 2885 boe
754 2829 864 2900 negotio
889 2847 985 2885 cavere
1009 2830 1038 2883 in
1057 2830 1205 2901 Scripturis
1224 2849 1280 2886 mo·

446 2920 508 2986 net;
535 2932 625 2987 neque
653 2915 726 2970 enim
749 2914 874 2970 efficacia
894 2915 1002 2986 gratiae
1019 2916 1056 2969 ad
1075 2916 1280 2993 conversionem
1342 2918 1384 2970 58.
1418 2913 1498 2969 Haec
1525 2915 1619 2970 omnia
1645 2922 1727 2971 erunt
1753 2918 1870 2973 clariora
1894 2935 1927 2973 er
1951 2916 2143 2989 sequentibus,
2157 2928 2250 2971 ursus·

445 3001 594 3059 tribuenda
616 3008 657 3056 est
677 3000 866 3071 cooperationi
884 3001 1034 3058 voluntatis
1056 3001 1206 3065 humanae,
1233 3020 1280 3057 ne·
1305 2999 1442 3070 siquidem
1465 3019 1489 3056 c.
1512 3007 1551 3057 14.
1575 3003 1702 3073 sequenti
1728 3003 1849 3059 declarat
1867 3004 2055 3059 Bellarminus
2077 3021 2143 3075 par·
2158 2982 2258 3083 ἓξὲξ

445 3104 499 3159 qne
517 3088 665 3143 tribuenda
684 3096 726 3143 est
744 3087 872 3142 absoluto
891 3088 945 3143 Dei
970 3094 1060 3143 certos
1079 3090 1212 3160 quosdam
1232 3089 1279 3144 ho·
1304 3086 1429 3141 titionem
1454 3086 1527 3141 inter
1553 3091 1676 3155 prensam
1703 3099 1865 3158 operantem
1885 3100 1910 3145 et
1928 3099 2122 3159 cooperantem
2129 3110 2143 3157 ,·
2159 3094 2258 3134 01)οΜ-

447 3172 535 3227 mines
555 3174 682 3245 eligentis
703 3173 827 3238 decreto,
844 3174 894 3229 sed
910 3174 1094 3229 incedendum
1111 3176 1157 3230 via
1175 3175 1279 3231 media:
1304 3172 1393 3237 (illam
1412 3172 1492 3238 dicit,
1523 3191 1594 3243 quae
1617 3175 1705 3242 efficit
1731 3177 1761 3229 in
1777 3176 1889 3229 bosniae
1900 3177 2025 3246 primum
2046 3185 2141 3229 actum
2157 3140 2245 3237 {iliez}

418 3300 420 3305 .
447 3258 528 3324 Quod
543 3261 623 3315 multi
641 3270 840 3317 convertuntur
860 3266 888 3316 et
906 3262 1056 3330 salventur,
1073 3262 1279 3333 agnoscendum
1305 3258 1478 3312 deliberatae
1494 3260 1660 3325 coleritatis,
1683 3261 1778 3329 qualis
1803 3270 1841 3315 est
1866 3263 2009 3317 conoem'o
2027 3263 2085 3317 siue
2103 3264 2141 3317 ab
2157 3247 2258 3281 ΜΗ·

446 3353 489 3402 est
508 3347 594 3401 solius
614 3348 724 3403 divinae
744 3348 850 3418 gratiae
869 3364 939 3418 opus
957 3365 1024 3416 esse,
1042 3350 1117 3420 quod
1129 3350 1208 3404 multi
1223 3367 1278 3405 non
1304 3347 1470 3410 irsp'delitate
1495 3349 1536 3400 ad
1555 3349 1654 3416 sidem,
1676 3350 1734 3402 sios
1763 3367 1782 3402 a
1800 3351 1928 3417 peccatis
1953 3349 2071 3403 caeteris
2100 3351 2141 3404 ad

445 3439 644 3488 convertuntur
663 3439 691 3488 et
715 3440 844 3505 percunt,
870 3435 1078 3504 agnoscendum
1096 3443 1138 3490 est
1156 3437 1278 3507 ipsorum
1305 3434 1443 3501 aperiebam
1455 3434 1673 3502 poenitentiam,-
1692 3433 1765 3488 hano
1781 3441 1869 3503 vocat,
1886 3452 1958 3504 quae
1975 3437 2065 3505 efficit
2076 3452 2139 3490 eon-

444 3518 619 3590 pereuntium
637 3520 721 3589 culpa
738 3520 820 3574 unice
843 3518 918 3584 fieri,
941 3520 971 3574 in
996 3538 1052 3593 qua
1076 3522 1123 3592 pia
1149 3523 1278 3593 simpliei-
1304 3527 1445 3586 sequentes
1464 3528 1542 3572 actus
1560 3520 1725 3588 uoluntatis,
1748 3523 1845 3589 quales
1863 3530 1928 3575 susa
1953 3523 2138 3590 caliswere,

445 3611 503 3660 tate
528 3623 606 3660 mens
623 3604 780 3662 Christiana
806 3623 901 3661 secure
924 3607 1101 3678 acquiescere
1123 3617 1229 3679 posset,
1254 3611 1278 3663 si
1304 3604 1374 3658 velle
1392 3605 1464 3658 bona
1482 3623 1570 3674 opera
1585 3607 1700 3674 facere)
1719 3607 1881 3679 pracsertim
1898 3608 1968 3662 illud
1985 3608 2140 3680 Augustini

445 3691 489 3746 vel
514 3691 632 3746 maxime
657 3692 1029 3762 omnibnsdisficultatibus,
1054 3696 1216 3765 praesertim
1235 3697 1278 3763 iis,
1305 3690 1340 3744 <le
1357 3699 1427 3761 gret
1448 3698 1476 3746 et
1492 3691 1541 3746 lib.
1566 3691 1624 3746 urb.
1648 3711 1672 3749 c.
1693 3700 1737 3748 ll:
1770 3694 1803 3748 Ut
1823 3694 1955 3763 celiniae,
1981 3696 2042 3748 sine
2059 3696 2141 3750 noim

445 3793 517 3848 quae
534 3778 608 3832 circa
624 3777 768 3833 individua
787 3779 928 3834 hominum
953 3781 1201 3836 convertendorum
1221 3799 1279 3836 mc·
1303 3787 1445 3848 operatur,
1463 3795 1525 3830 cum
1543 3787 1635 3833 cutem
1652 3780 1777 3833 uolumus
1797 3788 1824 3834 et
1841 3781 1882 3833 sie
1900 3780 2034 3851 volumius,
2051 3789 2082 3834 ut
2088 3784 2140 3848 fa·

444 3870 554 3934 ventur,
581 3881 640 3918 sose
657 3882 713 3919 non
730 3866 818 3936 possit
834 3866 972 3937 expedire.
1009 3866 1065 3922 Sed
1089 3867 1155 3937 quia
1172 3868 1277 3923 Bollar-
1303 3865 1425 3927 ciuiuus,
1452 3866 1593 3919 rictiacum
1619 3875 1803 3936 cooperatur,·
1833 3866 1864 3921 id
1882 3867 2069 3922 Bellarminue
2097 3866 2141 3923 eic

444 3949 534 4004 minus
551 3949 632 4006 nobis
652 3952 762 4020 tribuit,
787 3954 860 4023 quod
879 3952 1030 4008 efficaciam
1047 3954 1155 4024 gratiae
1173 3955 1277 4009 tribua-
1303 3949 1438 4019 explieat,
1465 3954 1557 4003 Deum
1581 3954 1734 4005 arraudum
1761 3953 1906 4020 qssoddum
1924 3969 2012 4021 parur
2033 3969 2141 4008 amaa

442 4053 504 4092 mus
524 4035 659 4108 physicen
681 4037 793 4092 cuidam
815 4039 869 4094 Dei
891 4040 1008 4108 actioni,
1031 4058 1086 4112 qua
1112 4043 1278 4098 determinet
1304 4053 1362 4089 esse
1388 4044 1537 4090 mouentem
1564 4046 1691 4106 respectu
1714 4039 1805 4107 ipsius
1829 4039 1901 4093 celle
1924 4037 2089 4110 enimi,
2113 4049 2141 4095 et

441 4124 612 4178 voluntatem
629 4123 666 4177 ed
682 4123 831 4178 volendum
850 4132 879 4180 et
895 4125 1053 4196 eligendum
1072 4126 1182 4200 bonum,
1200 4130 1276 4201 quod
1303 4123 1471 4176 oolssntatem
1488 4142 1543 4178 sion
1562 4140 1620 4177 esse
1642 4133 1806 4193 mouentem,
1829 4127 2007 4179 ceritaniam
2026 4135 2140 4192 motam,

440 4209 482 4264 illi
500 4209 592 4264 fumat
609 4227 659 4281 per
676 4209 795 4280 gratiam
821 4211 988 4267 excitantem
1011 4213 1188 4284 inspiratum,
1212 4213 1275 4270 ideo
1303 4227 1363 4263 curn
1381 4218 1475 4264 terroen
1491 4212 1643 4264 seeundum
1665 4212 1750 4265 aliud
1770 4229 1856 4280 penus
1879 4230 1983 4267 causae
2005 4215 2048 4268 cd
2071 4231 2138 4268 enn-

440 4296 579 4352 ecntentia
595 4302 690 4352 nostra
707 4296 851 4367 perspicue
869 4298 1039 4368 exponenda.
1073 4299 1107 4353 In
1122 4302 1276 4356 conversio-
1303 4298 1366 4349 dem
1391 4305 1482 4350 actum
1506 4298 1621 4350 uolendi
1638 4299 1856 4366 producendum
1879 4308 2028 4354 concurrat
2054 4302 2138 4355 Deus
2151 4320 2178 4362 v,
2191 4318 2258 4364 m-

440 4381 484 4437 nis
504 4398 586 4452 opere
604 4381 724 4452 Spiritus
749 4400 770 4435 e.
783 4381 850 4437 ‘tale
873 4383 978 4438 invenit
1001 4384 1174 4455 subjectum,
1200 4388 1274 4457 quod
1301 4391 1333 4435 ut
1358 4399 1484 4451 moreris,
1510 4383 1639 4436 uoluntas
1665 4393 1756 4438 amem
1778 4389 1836 4439 tum
1858 4393 1887 4438 ut
1909 4394 1996 4450 rnota,
2025 4391 2083 4440 ium
2105 4397 2138 4442 ut
2153 4371 2258 4425 ΝΜ·

439 4469 532 4523 nullas
550 4467 636 4522 habet
657 4468 694 4522 ad
712 4469 916 4540 cooperandum
936 4470 1020 4535 vires,
1044 4471 1180 4543 siquidem
1198 4490 1275 4528 mens
1301 4487 1419 4536 risorem,
1438 4479 1463 4523 et
1479 4471 1543 4523 ideo
1560 4479 1706 4540 utrumque
1718 4490 1811 4526 oerum
1823 4489 1891 4541 esse,
1909 4477 2002 4528 Deum
2017 4479 2139 4546 operari

440 4553 559 4609 hominis
579 4554 701 4609 nondum
725 4554 813 4610 renati
839 4563 881 4610 cst
906 4572 1003 4626 caeca,
1026 4557 1153 4612 voluntas
1177 4576 1275 4614 eversa
1300 4557 1393 4624 ipsum
1409 4556 1481 4610 ostie
1499 4558 1685 4611 deliberatum
1701 4559 1762 4613 sirie
1780 4560 1870 4625 notu,
1895 4568 1922 4614 st
1943 4577 1999 4614 non
2018 4565 2139 4631 operari

440 4657 474 4696 sc
498 4639 561 4695 Deo
584 4639 711 4708 inimica3
734 4640 787 4696 hoc
813 4642 899 4712 igitur
922 4644 996 4698 omni
1020 4659 1123 4715 genere
1144 4645 1274 4700 medendi
1300 4643 1361 4696 sine
1380 4644 1467 4697 nobis.
1502 4644 1579 4697 Nom
1603 4645 1629 4697 si
1650 4647 1856 4700 consideremus
1875 4664 1990 4701 comam
2010 4651 2136 4715 efficieri-

440 4735 524 4799 atque
543 4726 695 4782 auxiliandi
711 4728 803 4798 petia
820 4729 892 4799 agit,
917 4734 948 4783 ut
971 4747 1034 4784 cum
1060 4747 1142 4801 quem
1160 4748 1273 4786 convu-
1300 4737 1354 4783 tem
1371 4738 1397 4784 et
1412 4730 1561 4799 pipsieem
1579 4729 1658 4784 illius
1672 4739 1758 4799 actus,
1776 4749 1809 4786 eu
1827 4750 1883 4786 non
1898 4734 1988 4787 solum
2000 4743 2041 4789 est
2054 4737 2136 4790 Deus

439 4819 498 4869 tere
515 4814 575 4869 vult
592 4831 625 4869 ex
642 4803 754 4868 nolente
773 4813 924 4879 volentem,
950 4832 982 4870 ex
1005 4816 1117 4872 inimico
1144 4818 1273 4874 obedien·
1295 4834 1351 4884 per
1368 4817 1505 4869 auritium
1524 4817 1656 4885 speciale,
1678 4819 1730 4871 sed
1746 4818 1829 4872 enam
1848 4819 1977 4874 voluntas
1992 4839 2047 4889 per
2066 4821 2135 4876 libe·

439 4905 495 4955 um
513 4899 614 4970 iaciat3
640 4899 709 4954 illud
736 4915 802 4953 vero
824 4917 880 4954 uon
896 4899 929 4954 fit
948 4917 980 4955 eo
998 4902 1093 4967 modo,
1119 4920 1153 4958 ec
1177 4904 1199 4958 si
1224 4904 1273 4959 ho·
1299 4920 1361 4955 rum
1386 4901 1548 4969 arbitrium,
1571 4911 1597 4956 et
1618 4903 1670 4956 boc
1693 4905 1777 4957 niodo
1801 4904 1878 4958 illud
1902 4905 1973 4958 uelle
1996 4923 2056 4960 esse
2075 4908 2136 4963 Dei

440 4985 512 5041 mine
532 5004 584 5042 nec
602 4985 756 5057 cogitante,
774 5002 825 5040 nec
843 4993 1042 5056 cognoscente,
1067 4989 1112 5043 vel
1131 4990 1215 5045 eum
1231 4991 1272 5046 in·
1299 4997 1325 5042 et
1343 4997 1478 5052 nostrum,
1501 4996 1526 5042 st
1541 5005 1593 5041 nos
1610 4989 1641 5042 in
1660 5006 1691 5043 eo
1716 4990 1780 5042 Deo
1798 4991 1959 5059 coopemri,
1984 4999 2011 5044 et
2039 4994 2134 5048 Deum

439 5071 496 5127 vito
514 5072 653 5127 hominem
681 5077 837 5141 convertat,
864 5072 973 5144 ipsique
1001 5074 1057 5128 vim
1081 5075 1193 5146 afferat,
1222 5079 1272 5133 sed
1298 5076 1374 5130 illud
1391 5093 1447 5128 non
1471 5075 1531 5128 sine
1554 5076 1634 5129 nobis
1658 5075 1781 5144 operari.
1816 5077 1856 5130 At
1875 5078 1903 5130 si
1925 5080 2133 5134 consideremus

438 5157 558 5229 Spiritus
577 5177 598 5213 s.
617 5158 704 5214 donat
720 5175 804 5213 novas
821 5159 907 5225 vires,
926 5159 1027 5231 quibus
1044 5162 1173 5217 assentiri
1191 5180 1272 5219 voce-
1298 5181 1413 5216 comam
1430 5162 1510 5214 illim
1526 5164 1650 5230 ejsudem
1668 5171 1748 5216 actus
1766 5162 1915 5232 moralem,
1933 5165 1966 5217 id
1985 5172 2043 5235 est,
2067 5185 2133 5221 cou-

438 5243 506 5302 tioni
525 5245 624 5315 possit,
643 5262 695 5300 nec
712 5253 806 5301 tamen
825 5263 881 5301 uno
899 5247 992 5301 statim
1010 5255 1148 5305 momento
1167 5248 1271 5305 homini
1297 5269 1358 5302 sans
1376 5256 1526 5301 mouerrtem
1542 5249 1698 5318 suadendo,
1715 5249 1864 5316 hortando,
1890 5251 2074 5322 comendo,
2096 5270 2132 5308 co

437 5329 536 5387 adimit
554 5337 673 5385 veterem
691 5332 766 5386 illam
785 5331 950 5397 libertatem,
968 5334 1013 5388 vel
1030 5334 1124 5404 potins
1142 5336 1272 5393 miseram
1297 5345 1337 5390 est
1353 5337 1430 5390 solers
1450 5339 1545 5401 Deum·
1561 5336 1691 5390 uoluntas
1709 5345 1802 5390 autem
1815 5338 2132 5408 secundumlmc'penus

437 5415 613 5480 mitatem,
639 5433 695 5487 qua
718 5417 842 5473 oblatam
862 5419 981 5490 gratim
998 5420 1145 5489 repudiare
1164 5424 1268 5492 possit:
1297 5440 1399 5477 cosmae
1416 5440 1472 5475 non
1490 5431 1529 5475 est
1549 5439 1666 5491 neonem,
1686 5424 1740 5475 sed
1757 5431 1864 5476 tantum
1881 5431 1964 5492 mota,
1983 5443 2040 5479 noo
2058 5427 2132 5481 enim

437 5503 512 5561 obsit
528 5502 614 5575 igitur
631 5507 662 5555 ut
680 5503 816 5574 dicamus,
840 5504 958 5576 Spiritus
984 5523 1005 5560 e.
1024 5506 1142 5577 gretiam
1159 5506 1188 5563 in
1206 5526 1270 5565 con·
1296 5511 1362 5579 ipsa
1379 5527 1409 5563 se
1427 5509 1557 5563 uoluntas
1575 5508 1695 5576 impellit
1712 5510 1860 5562 medendo
1879 5519 1905 5564 et
1922 5511 2072 5581 ternodo,
2100 5520 2129 5567 ut

436 5590 562 5647 versione
587 5585 706 5660 physica
728 5589 850 5660 quadam
877 5591 986 5647 eodone
1015 5593 1198 5649 determinare
1222 5614 1269 5651 vo·
1295 5595 1362 5648 celet
1388 5597 1465 5664 qnod
1490 5612 1547 5648 non
1572 5595 1642 5663 oud,
1671 5597 1723 5648 sset
1746 5599 1825 5649 Dein
1848 5613 1902 5665 per
1930 5597 2132 5667 inspirationes

436 5675 570 5732 laniciem
594 5673 631 5730 cd
656 5671 804 5729 volendum
832 5682 860 5731 ct
886 5678 1046 5749 eligendum
1074 5678 1176 5734 bonum
1205 5681 1269 5750 (hac
1295 5699 1362 5734 errae
1387 5683 1462 5734 intus
1483 5682 1595 5735 aramue
1613 5681 1728 5750 loquens
1752 5683 1780 5734 ei
1800 5683 1902 5736 suadet
1925 5691 1951 5737 et
1968 5687 2131 5754 mauvaslet,

436 5761 509 5818 enim
534 5763 642 5820 ratium
668 5767 892 5818 converterentur
914 5781 1009 5820 omnes
1031 5765 1196 5820 immutabili
1222 5784 1270 5822 ne·
1295 5775 1326 5820 nt
1341 5768 1416 5825 uelit.
1444 5765 1727 5836 HsecBellarminus,
1745 5767 1793 5839 qui
1810 5775 1908 5839 posteo
1924 5769 2041 5827 adhibet
2057 5771 2131 5827 hanc

435 5843 577 5920 Mitte,
602 5863 672 5922 qnos
692 5847 811 5919 Spiritus
828 5865 851 5902 s.
874 5849 997 5905 converti
1013 5850 1099 5922 vult),
1127 5851 1266 5924 siqnidem
1294 5853 1331 5908 ad
1347 5870 1405 5910 rem
1422 5853 1508 5909 talem
1523 5852 1747 5908 similitudinem:
1776 5852 1820 5908 Sit
1839 5855 1960 5925 aliquis,
1985 5857 2033 5914 cui
2050 5873 2133 5929 sepo
