5017 6675
460 570 521 637 aaa
645 639 649 654 ³
902 554 1729 642 00000010001110000010110010011010.

459 735 478 773 a
503 715 635 773 servituto
658 715 781 786 peceati,
805 715 871 787 qnia
888 715 1007 787 Spiritus
1032 734 1054 771 s.
1078 733 1179 772 novam
1203 715 1296 770 lnoem
1318 716 1401 786 juxta
1426 717 1584 773 interiorem
1608 716 1747 772 hominem
1771 721 1800 770 et
1821 712 1909 769 libere
1932 711 2009 769 1)Εο
2034 712 2161 767 00111001

459 804 489 858 10
515 810 607 858 ments
631 801 760 857 accendit
782 817 815 856 ao
832 817 917 856 novas
936 801 1009 857 vires
1026 801 1162 857 voluntati
1180 800 1296 869 confert,
1318 804 1401 872 juxta
1424 803 1575 859 novitatem
1601 803 1733 873 Spiritum
1760 818 1841 856 serva
1866 800 1979 872 libertas
2005 803 2063 867 est,
2093 797 2161 869 quia

459 896 492 944 nt
512 889 553 942 ita
577 889 706 943 voluntas
724 887 753 941 in
769 886 822 942 hoo
839 893 914 942 statu
934 905 990 943 non
1007 889 1126 960 amplius
1145 888 1183 942 sit
1198 889 1295 954 otiosa,
1321 904 1377 942 non
1399 894 1441 943 est
1465 889 1575 944 effrenis
1596 884 1691 961 aliqua
1709 887 1822 942 lieentia
1844 885 2018 956 arripienda,
2045 884 2159 955 quidvis

460 975 509 1030 sed
530 992 581 1045 per
603 991 690 1031 novas
712 973 773 1028 illas
801 972 855 1028 sibi
873 974 989 1029 donatas
1006 975 1079 1028 vires
1096 979 1195 1044 postea
1209 973 1295 1044 Spiri-
1320 991 1372 1044 pro
1389 974 1502 1030 arbitrio
1520 975 1637 1046 agendi,
1664 974 1714 1028 sed
1732 974 1768 1027 ad
1789 972 1841 1028 Dei
1858 971 2030 1026 voluntatem
2050 975 2079 1025 et
2096 987 2160 1025 nor·

459 1061 501 1116 tui
518 1079 540 1115 s.
558 1065 737 1131 cooperatum
762 1058 938 1126 ,10111361
964 1061 998 1115 ss·
1013 1061 1108 1114 Filius
1124 1078 1173 1114 nos
1193 1060 1294 1113 libera·
1321 1077 1393 1115 mam
1425 1060 1495 1131 legis
1525 1059 1724 1116 conformanda
1754 1064 1797 1114 est
1824 1057 1998 1126 obedientia,
2027 1072 2079 1111 neo
2108 1071 2159 1125 pro

458 1147 543 1215 verit,
562 1164 626 1201 sere
643 1145 727 1199 liberi
742 1145 829 1200 eritu.
865 1144 1102 1214 Bom.t,v.18:
1127 1143 1256 1199 Liberati
1274 1160 1294 1196 a
1321 1146 1449 1202 libertate
1475 1146 1594 1218 Spiritus
1617 1146 1707 1201 narnis
1732 1145 1846 1200 lieentia
1868 1143 2038 1214 usurpanda.
2073 1141 2159 1197 Unde

454 1241 574 1301 peceato
593 1231 668 1286 terni
683 1231 757 1293 sueti
774 1231 840 1285 eatis
855 1231 996 1299 justitiae.
1032 1238 1055 1287 2.
1075 1231 1137 1288 001.
1157 1237 1182 1300 3,
1200 1248 1225 1283 1.
1247 1235 1292 1284 tt:
1323 1233 1406 1292 stiam
1428 1234 1501 1287 hane
1523 1231 1681 1287 libertatem
1703 1249 1758 1287 non
1780 1231 1938 1284 vocavimus
1964 1228 2124 1282 libertatem
2142 1243 2160 1281 a

463 1317 516 1371 Ubi
534 1317 658 1386 Spirilut
674 1317 807 1378 Domiti·
824 1317 866 1369 ihi
883 1317 1007 1371 libertat-
1043 1317 1163 1387 August
1182 1315 1217 1371 de
1235 1333 1294 1370 oor·
1320 1326 1434 1391 peceato
1457 1320 1539 1389 [quia
1559 1329 1705 1389 peceatum
1731 1319 1762 1372 in
1781 1335 1866 1372 eume
1888 1323 2047 1372 renatorum
2063 1315 2160 1367 adine

459 1410 527 1473 rept.
552 1410 580 1458 et
601 1409 673 1473 grat.
699 1419 723 1457 a.
748 1408 778 1458 2:
808 1402 990 1470 intellipant,
1016 1403 1043 1454 si
1065 1403 1122 1465 filii
1138 1403 1198 1456 Dei
1220 1410 1293 1468 eunt,
1320 1407 1427 1459 1010101
1443 1404 1524 1460 Rom.
1537 1410 1561 1473 1,
1579 1421 1605 1460 1.
1621 1402 1685 1476 tal,
1703 1405 1753 1458 sed
1771 1420 1789 1457 a
1806 1403 1939 1458 servitute
1956 1400 2065 1473 peooati
2081 1396 2160 1473 [qnia

460 1490 571 1559 Spiritu
588 1489 691 1541 Deire
710 1489 770 1557 api,
788 1495 819 1541 ut
837 1488 914 1556 quad
931 1489 1069 1556 apendum
1086 1497 1135 1556 eat,
1156 1495 1251 1556 upaut,
1269 1495 1295 1540 et
1319 1491 1408 1547 renati
1432 1492 1461 1544 ei
1482 1509 1539 1545 nou
1559 1492 1684 1544 seruiunt
1701 1490 1779 1545 Rom.
1805 1495 1835 1558 6,
1858 1506 1884 1543 v.
1912 1484 1954 1559 ⁶·i·
1991 1486 2048 1542 Sed
2071 1502 2160 1557 agno-

459 1592 519 1629 rum
541 1575 664 1642 eperint,
692 1573 750 1640 illi,
778 1590 797 1626 a
820 1591 874 1641 quo
900 1581 1038 1643 apuntur,
1064 1574 1175 1642 pretias
1198 1581 1293 1642 upant,
1320 1584 1414 1641 scunt,
1438 1577 1544 1646 dolent,
1568 1593 1618 1647 per
1635 1575 1776 1632 Christum
1799 1574 1987 1630 remissionem
2010 1577 2112 1643 petunt
2129 1575 2159 1626 01

459 1668 583 1730 apuntur
600 1660 689 1727 enim,
713 1667 744 1712 ut
762 1667 861 1726 apunt,
888 1677 944 1712 non
970 1667 1000 1713 ut
1025 1660 1084 1729 ipsi
1103 1660 1177 1713 m'tttt
1198 1667 1292 1728 aquai.
1320 1667 1486 1734 repugnant

459 1745 542 1802 Unde
566 1745 648 1799 etiam
672 1744 746 1799 idem
770 1750 827 1799 tam
845 1762 959 1814 operose
978 1745 1126 1817 distinguit
1141 1745 1213 1801 inter
1230 1763 1293 1817 gra·
1357 1754 1412 1806 145.
1450 1748 1509 1806 Neo
1531 1748 1645 1804 libertas
1668 1748 1718 1803 illa
1739 1754 1897 1803 renatorum
1914 1746 1942 1801 in
1960 1744 2015 1799 hae
2034 1743 2094 1797 vita
2115 1743 2158 1796 ita

457 1832 524 1886 tiam
536 1831 768 1901 praevenientem,
782 1836 1003 1902 praeparantem,
1015 1839 1183 1901 operantem,
1195 1848 1293 1904 ooope-
1319 1840 1480 1904 comparata
1498 1841 1556 1899 est,
1580 1841 1611 1888 ut
1630 1851 1685 1889 non
1704 1833 1791 1904 possit
1807 1831 1928 1886 110100101
1946 1830 1983 1884 ad
2001 1829 2107 1883 malum
2126 1844 2158 1883 se

456 1924 564 1972 nantem
590 1922 619 1971 et
641 1916 838 1987 perficientem.
874 1916 908 1970 In
926 1915 977 1971 hoo
997 1914 1089 1970 factae
1107 1917 1293 1972 renovationis
1320 1926 1490 1988 convertere,
1516 1919 1584 1991 quin
1608 1919 1700 1990 potius
1727 1920 1750 1972 si
1777 1917 1885 1988 peceati
1910 1915 2036 1970 servituti
2062 1930 2092 1969 se
2115 1913 2159 1967 11-

457 2010 532 2058 statu
549 2003 685 2056 voluntati
705 2002 842 2057 hnmanae
861 2008 1012 2075 συνεργίαν
1030 2002 1170 2073 quandam
1188 2003 1224 2056 ad
1245 2003 1292 2058 bo·
1319 2004 1411 2059 oiseim
1428 2005 1586 2076 mancipare
1601 2004 1752 2073 voluerint,
1770 2011 1799 2059 et
1813 2004 1933 2074 gratiam
1951 2001 2006 2056 Dei
2024 1999 2156 2071 abjicere,

457 2106 524 2144 unm
540 2088 731 2145 lubentissime
750 2088 934 2144 concedimus.
1319 2090 1480 2145 relabuntur
1495 2092 1524 2144 in
1544 2098 1647 2145 statam
1667 2089 1851 2160 corruptionis
1868 2088 2026 2159 pristinum,
2048 2084 2159 2141 etfiunt

329 2185 413 2226 10100
495 2181 551 2231 142.
587 2174 702 2229 Interim
724 2181 819 2230 tamen
846 2174 895 2229 ills
911 2173 1019 2228 arbitrii
1036 2173 1150 2228 libertas
1167 2172 1197 2227 in
1213 2190 1293 2229 rena·
1319 2177 1470 2246 posteriora
1493 2178 1590 2247 pej0ra
1612 2176 1721 2246 primis,
1747 2181 1770 2230 2.
1789 2174 1864 2231 Petr.
1884 2180 1914 2244 2,
1939 2192 1963 2228 v.
1985 2177 2090 2229 2121.
2124 2171 2161 2225 st

330 2238 444 2337 {ffiffl
457 2261 492 2315 tis
509 2277 566 2316 non
583 2260 624 2315 ita
641 2268 801 2331 comparata
820 2268 877 2329 est,
896 2266 927 2314 ut
943 2259 1112 2330 adjutorium
1132 2259 1250 2330 Spiritus
1270 2278 1291 2313 s.
1318 2265 1468 2316 seeundum
1483 2280 1596 2317 earnem
1608 2262 1743 2330 vixeritis,
1760 2261 1920 2315 moriemini
1937 2259 2054 2323 110108,
2074 2275 2100 2311 v.
2117 2262 2157 2312 13.

330 2338 400 2380 ‘⁰⁰²⁸-
457 2347 525 2418 ipsis
551 2365 607 2402 non
632 2348 669 2402 sit
696 2347 816 2416 amplius
843 2345 1043 2415 necessarium,
1073 2345 1139 2417 qnia
1163 2345 1292 2401 voluntas
1320 2349 1355 2403 Sl
1372 2351 1565 2418 permanseris
1583 2350 1613 2402 in
1631 2349 1766 2416 laniate,
1792 2347 1903 2417 alioqui
1919 2345 2058 2399 weideris
2076 2343 2157 2400 Rom.

458 2450 552 2489 eornm
571 2432 690 2488 liberata
707 2434 744 2488 ad
763 2431 866 2487 bonum
885 2432 1107 2502 propendetnon
1119 2432 1293 2487 naturalibus
1322 2440 1365 2500 tt,
1394 2451 1419 2488 1.
1440 2440 1481 2490 22.
1515 2437 1586 2488 Esto
1602 2435 1703 2503 fidelia
1719 2450 1807 2502 usque
1826 2435 1868 2486 ad
1885 2439 2012 2496 mortem,
2037 2438 2063 2484 et
2083 2429 2157 2482 dubo

457 2518 574 2587 viribus,
592 2519 642 2574 sed
662 2518 764 2573 virtute
781 2518 890 2590 agentis
907 2523 935 2573 01
952 2517 1074 2589 regentis
1094 2534 1155 2573 eam
1173 2518 1293 2589 Spiritus
1319 2520 1371 2573 tibi
1389 2537 1523 2573 eoronam
1539 2520 1614 2572 uitae
1633 2519 1722 2590 Apoo.
1744 2524 1772 2586 2,
1798 2534 1824 2572 v.
1845 2523 1884 2573 to.
1903 2523 1955 2570 ete.
1992 2515 2055 2581 Qua
2073 2514 2108 2568 de
2126 2528 2157 2567 re

458 2622 480 2659 s.
514 2606 635 2675 August
665 2604 701 2660 ds
731 2610 847 2674 corrept.
876 2610 904 2658 et
933 2610 1003 2676 grat
1033 2620 1057 2660 o.
1088 2610 1133 2660 ll:
1162 2605 1293 2658 Liberum
1319 2606 1386 2661 alibi
1409 2605 1498 2660 fusius
1525 2604 1644 2675 dicetur,
1671 2611 1754 2675 atque
1773 2602 1842 2658 haee
1863 2602 2008 2657 meditatio
2028 2601 2156 2655 timorem

458 2691 608 2744 arbitrium
620 2697 647 2743 et
659 2691 700 2743 ad
711 2690 815 2742 malum
829 2697 854 2743 et
873 2691 914 2742 acl
932 2690 1030 2743 bonum
1045 2691 1214 2755 faciendum
1230 2708 1294 2744 eon·
1318 2691 1385 2761 Dei,
1410 2691 1512 2746 1011001
1533 2691 1657 2745 studium
1681 2689 1806 2761 pietatis,
1832 2689 1961 2744 ardentes
1986 2704 2084 2759 preoes
2102 2692 2155 2743 ete.

457 2778 592 2842 fitentlum
623 2782 663 2830 eat
693 2793 745 2830 noe
771 2776 888 2844 lubere,
918 2777 971 2829 sed
997 2776 1028 2829 in
1053 2776 1130 2829 mala
1157 2777 1293 2841 faciendo
1318 2778 1348 2832 in
1362 2777 1442 2833 nobis
1454 2776 1594 2844 excitabit,
1606 2782 1634 2831 et
1645 2782 1785 2846 torporem
1796 2792 1829 2829 ao
1838 2775 2015 2830 securitatem
2024 2772 2154 2829 excutiet

458 2862 574 2931 quiaque
602 2870 644 2916 eet
670 2862 743 2916 liber
761 2856 908 2937 jurtt'tia'e,
935 2878 1084 2931 aereusque
1104 2864 1232 2933 peceati·
1264 2864 1294 2916 in
1356 2869 1413 2919 116.
1447 2862 1481 2917 In
1507 2862 1595 2918 ultera
1623 2862 1733 2916 demum
1756 2861 1815 2916 vita
1843 2861 1986 2932 adspirant
2010 2858 2198 2915 1000110111Ι

458 2949 527 3003 bono
554 2957 648 3002 autem
674 2964 734 3002 erte
763 2948 835 3002 liber
861 2947 957 3002 nullus
982 2956 1092 3017 potest,
1120 2950 1179 3002 ntssri
1197 2949 1294 3016 suerit
1318 2951 1430 3021 plenam
1457 2948 1564 3003 arbitrii
1590 2949 1760 3017 libertatem,
1786 2965 1869 3020 qnam
1895 2965 2042 3019 possumus
2067 2944 2153 3001 nomi·
2167 2922 2198 3005 :2¹

329 3035 357 3076 V·
372 3033 444 3076 ²⁰⁸-
458 3034 593 3088 liberatua
612 3035 647 3087 ub
664 3052 706 3103 eo,
724 3035 776 3103 qui
791 3034 882 3088 dreit:
903 3033 937 3088 Si
947 3034 1043 3087 Filius
1058 3052 1107 3087 000
1124 3033 1293 3104 liberaverit,
1318 3053 1385 3091 nare
1404 3035 1560 3090 libertatem
1580 3052 1598 3089 a
1615 3041 1730 3104 peceato
1748 3042 1776 3089 et
1790 3033 1990 3104 mutabilitate3
2009 3033 2155 3103 quietuno
2168 3017 2197 3056 Μ’

329 3084 521 3175 mudum
545 3120 627 3174 liberi
651 3121 745 3190 eritu,
770 3137 821 3174 nec
843 3121 886 3174 itu
903 3128 934 3174 ut
952 3138 1015 3174 oum
1032 3121 1150 3190 quiaque
1161 3121 1257 3186 fuerit
1274 3139 1293 3173 0
1319 3139 1374 3177 000
1391 3121 1480 3176 solnm
1498 3138 1517 3175 a
1536 3120 1669 3176 servitute
1686 3121 1807 3190 peceati,
1838 3121 1888 3174 sed
1909 3119 1992 3175 etiem
2011 3119 2047 3174 ab
2068 3118 2155 3173 omni-

456 3206 568 3275 peoeuti
586 3205 767 3259 damnatione
783 3205 935 3274 liberatus,
950 3206 1012 3274 jam
1030 3223 1086 3261 non
1106 3206 1232 3283 indipeat
1247 3208 1294 3260 eui
1318 3207 1371 3262 bus
1388 3207 1496 3278 pennati
1513 3205 1637 3279 reliqniis
1656 3207 1736 3262 electi
1753 3205 1968 3273 mundabuntur,
1987 3211 2016 3259 01
2033 3205 2063 3259 10
2081 3204 2156 3259 bono

458 3291 619 3346 liberatoris
633 3291 751 3361 auxilio,
766 3293 819 3345 aad
833 3290 985 3360 itapotiur,
1003 3299 1035 3346 ut
1052 3293 1088 3345 ab
1100 3291 1152 3347 ello
1164 3291 1293 3362 audiena,
1318 3291 1567 3360 confirmabuntur,
1593 3293 1633 3348 ita
1657 3297 1689 3350 01
1712 3309 1746 3349 ex
1764 3291 1839 3349 felini
1858 3292 1912 3347 isto
1930 3296 2006 3347 statu
2023 3308 2074 3362 per
2091 3306 2157 3362 peo-

456 3380 517 3433 eine
536 3395 579 3433 me
596 3378 669 3432 nibil
681 3378 800 3447 potestis
817 3379 925 3447 faeere,
943 3378 1147 3447 dieatetipae:
1166 3380 1293 3449 Adjutor
1318 3386 1382 3434 eata
1417 3379 1543 3435 excidere
1578 3378 1697 3449 amplius
1725 3395 1781 3432 non
1799 3378 1936 3449 possint,
1972 3383 2055 3432 erunt
2080 3375 2155 3432 enim

455 3482 536 3519 mette.
549 3473 623 3535 erto,·
640 3482 675 3518 ne
693 3464 874 3532 derelinquas
889 3479 941 3519 me.
977 3465 1057 3517 Haeo
1073 3466 1146 3528 fider
1162 3466 1223 3518 eine
1241 3468 1293 3519 du·
1318 3465 1461 3536 ἰσάγγελοι
1479 3464 1577 3520 11101111.
1597 3471 1644 3535 22,
1658 3482 1684 3518 v.
1706 3470 1748 3530 30,
1772 3465 1905 3518 videtum
1922 3466 2016 3517 Deum
2037 3481 2056 3516 0
2068 3463 2155 3530 faeie

456 3552 502 3607 bio
520 3568 588 3605 uera
607 3559 633 3606 et
646 3551 815 3621 prophetica
833 3559 859 3605 et
877 3551 1038 3619 apostoliea
1056 3558 1105 3610 eat.
1318 3555 1358 3605 ad
1374 3554 1479 3616 [001010
1500 3558 1521 3607 1.
1539 3550 1602 3607 Cor.
1626 3556 1670 3620 13,
1687 3568 1713 3604 1.
1732 3556 1778 3618 12;
1802 3552 1935 3605 videbunt
1953 3552 2049 3603 Deum
2069 3547 2155 3602 rimati

492 3644 549 3694 14³.
584 3636 679 3691 Manet
704 3636 733 3691 in
758 3636 861 3693 renatis
887 3637 971 3693 etiam
995 3642 1060 3709 post
1083 3638 1290 3693 conversionem
1318 3647 1358 3693 eet
1387 3645 1409 3693 1.
1426 3638 1490 3693 boh.
1509 3642 1538 3704 ³,
1554 3654 1580 3692 v.
1599 3643 1629 3704 23
1656 3642 1723 3691 tune
1739 3636 1794 3691 erit
1809 3636 1893 3707 plena
1910 3636 2045 3690 0001111100
2062 3639 2091 3690 01
2111 3650 2153 3690 se·

373 3731 377 3740 ’
455 3720 485 3776 10
509 3720 562 3776 heo
585 3722 643 3777 vita
663 3723 741 3777 lucta
767 3723 862 3776 earnis
879 3730 906 3776 et
926 3721 1052 3792 Spiritus
1070 3721 1134 3777 Gal.
1151 3728 1180 3793 3,
1203 3740 1229 3778 1.
1251 3731 1291 3789 11,
1317 3740 1385 3778 eura
1401 3723 1527 3792 libertas,
1551 3739 1586 3777 aa
1602 3722 1689 3777 multo
1706 3723 1770 3793 plns
1787 3737 1838 3793 per
1855 3721 1997 3777 Christum
2013 3719 2095 3775 nobis
2112 3735 2155 3775 re·

455 3823 506 3877 per
529 3824 612 3880 quam
630 3807 675 3873 111,
700 3814 733 3863 01
750 3808 974 3862 condelectantur
992 3809 1105 3877 quidem
1123 3810 1180 3877 lapi
1196 3827 1291 3863 aerun-
1317 3810 1461 3875 stituetur,
1479 3826 1563 3881 qnam
1581 3825 1633 3879 per
1649 3807 1789 3863 Adamum
1809 3812 1851 3861 est
1869 3807 2015 3870 amissum
2037 3807 2105 3878 qnia
2122 3806 2153 3861 li·

456 3895 523 3948 dum
550 3894 711 3948 interiorem
741 3894 878 3948 bominem
897 3894 978 3949 Rom.
996 3902 1026 3963 1,
1054 3913 1080 3950 1.
1107 3901 1153 3958 22,
1180 3896 1290 3951 interim
1316 3897 1417 3970 bertae
1435 3894 1539 3950 Adami
1567 3894 1621 3950 tuit
1651 3910 1732 3965 posse
1760 3910 1816 3949 non
1840 3909 1970 3964 peceare,
2000 3892 2155 3947 electorum

456 3985 550 4035 tamen
561 3982 656 4034 vitient
669 3981 759 4034 aliam
770 3981 858 4048 lepem
869 3981 900 4033 in
914 3981 1044 4034 memma
1055 3983 1290 4051 001010000ωο-
1316 3982 1369 4037 erit
1393 3998 1449 4037 non
1471 3998 1553 4052 posse
1579 3996 1706 4051 peecare.
1740 3980 1775 4034 In
1790 3978 1886 4035 futura
1903 3979 1961 4033 vita
1981 3994 2058 4033 error
2074 3993 2093 4032 a
2112 3995 2156 4032 ra-

456 4072 510 4118 tem
536 4065 593 4134 lapi
613 4067 712 4120 mentt's
731 4072 782 4121 eto.
801 4083 827 4120 v.
846 4071 887 4135 23,
906 4066 971 4138 qnia
987 4066 1017 4121 in
1034 4067 1086 4122 hae
1104 4068 1163 4123 vita
1179 4068 1289 4123 inchoa·
1315 4068 1404 4135 tione,
1430 4084 1448 4122 a
1469 4067 1613 4123 voluntate
1638 4065 1730 4136 dolor,
1760 4073 1845 4137 atque
1872 4082 1890 4119 a
1918 4064 2050 4120 memoria
2070 4064 2155 4119 timor

456 4158 502 4206 tur
525 4158 634 4207 tanturn
658 4157 687 4207 et
710 4151 822 4220 oresoit,
847 4170 903 4207 non
927 4161 1020 4207 antem
1044 4154 1137 4224 plene
1149 4153 1291 4224 perficitur
1316 4154 1404 4209 omnis
1431 4152 1561 4222 decedet,
1592 4159 1620 4209 01
1648 4151 1781 4207 suecedet
1810 4151 1860 4206 illa
1890 4167 1974 4223 qnam
2008 4166 2155 4221 speramns

455 4237 574 4293 hominis
593 4238 748 4307 renovatio,
766 4238 840 4293 unde
857 4238 887 4293 in
904 4238 1043 4294 conversis
1065 4238 1208 4310 Scriptura
1219 4240 1290 4296 duos
1317 4258 1393 4296 mera
1416 4240 1563 4308 serenitas,
1591 4240 1675 4310 plena
1702 4238 1837 4303 suavitas,
1870 4244 1985 4293 aeterna
2010 4237 2155 4291 0001111100.

456 4324 536 4396 quasi
563 4323 687 4379 homines
713 4341 773 4380 esse
797 4323 877 4391 dicit,
901 4331 1023 4381 voterem
1047 4330 1076 4379 et
1097 4342 1212 4395 novum,
1243 4343 1290 4382 ex·
1315 4328 1444 4381 Primum
1469 4327 1560 4393 faciet
1595 4326 1699 4379 veritae
1729 4327 1825 4394 Deua,
1859 4325 2010 4378 cerandum
2046 4323 2157 4376 euriae

455 4410 583 4467 aeriorem
600 4420 629 4467 et
645 4412 812 4466 interiorem.
1319 4415 1412 4481 Deus,
1434 4413 1545 4466 tertium
1567 4429 1675 4464 summa
1692 4417 1821 4479 potestas
1839 4410 1933 4477 Deus,
1963 4416 1994 4461 ut
2017 4409 2056 4462 rit
2073 4411 2156 4463 Deus

494 4503 550 4554 141.
586 4497 708 4553 Proinde
739 4496 828 4552 libera
857 4496 906 4551 illa
933 4502 962 4553 01
988 4496 1106 4553 liberata
1130 4503 1289 4553 renatorum
1316 4500 1411 4553 omnia
1430 4498 1461 4551 in
1484 4497 1622 4565 omnibus,
1644 4497 1769 4563 ratione,
1792 4496 1944 4564 recipiente
1969 4495 2059 4547 lucem
2080 4494 2156 4548 ineu·

457 4584 585 4639 voluntas
609 4591 653 4639 est
674 4583 851 4638 nihilominus
873 4583 986 4654 captiva
1008 4583 1060 4638 sub
1084 4583 1148 4655 lege
1164 4584 1244 4639 Rom.
1267 4591 1291 4654 1,
1316 4584 1518 4652 stinpuibilem,
1540 4584 1682 4637 uoluntate
1695 4598 1798 4651 paoem
1815 4581 2073 4651 imperturbabilem
2091 4598 2156 4636 oon·

456 4688 482 4725 1.
508 4676 550 4727 23.
577 4670 643 4742 qnia
660 4686 724 4724 earo
741 4670 895 4740 praefracte
912 4669 1041 4724 renititur
1057 4667 1226 4726 laetentibus
1243 4671 1291 4727 bo-
1317 4677 1458 4738 aequente,
1494 4669 1631 4723 memoria
1661 4669 1740 4733 fonti
1766 4667 1942 4734 indeficienti
1970 4667 2155 4721 aeternaliter

455 4774 535 4812 num:
554 4772 700 4828 possuntus
719 4771 785 4827 ergo
798 4756 897 4821 dinero,
917 4756 992 4828 quod
1009 4756 1047 4810 sit
1063 4755 1151 4811 libera
1162 4756 1291 4827 servitus,
1317 4756 1484 4810 1010010010.
1519 4754 1670 4811 Bernhard
1688 4770 1767 4809 serm
1789 4758 1827 4808 tt.
1846 4770 1909 4823 sup.
1923 4750 2003 4807 Cant
2023 4752 2075 4808 ool.
2094 4759 2154 4809 519.

454 4851 482 4899 01
505 4860 585 4900 serva
610 4843 739 4911 libertas,
768 4841 836 4913 quia
859 4843 948 4898 renati
968 4850 1058 4895 010010
1082 4843 1208 4898 eerniunt
1233 4845 1292 4912 lapi
1316 4841 1363 4895 Ad
1384 4840 1456 4895 hano
1478 4839 1590 4911 plenam
1614 4840 1771 4895 libertatem
1794 4853 1845 4891 nos
1866 4837 2002 4909 pervehat
2025 4843 2053 4891 et
2079 4837 2155 4909 quod

454 4930 521 4993 Dei,
537 4946 622 4983 00100
638 4936 732 4984 autem
748 4928 807 4997 lapi
820 4929 930 4996 peceati
941 4928 1021 4984 Rom.
1035 4935 1059 4993 1,
1078 4945 1104 4985 v.
1118 4933 1160 4984 25.
1184 4928 1289 4985 Libera
1316 4926 1406 4998 eoepit
1420 4926 1458 4986 ,in
1475 4926 1556 4982 nobis
1577 4928 1693 4996 bonnm,
1716 4923 1844 4996 perficiet
1862 4929 1957 4979 anetor
1977 4929 2006 4979 et
2025 4940 2152 4979 eonsum-

453 5017 570 5070 serritus
591 5022 641 5084 est,
660 5015 727 5086 qnia
745 5015 834 5069 renati
852 5022 1004 5084 spontaneo
1022 5015 1163 5070 ducuntur
1181 5015 1286 5086 Spiritu
1315 5020 1404 5068 mator
1421 5013 1519 5067 salutis
1538 5008 1649 5070 11001100
1668 5012 1830 5080 benedictus
1849 5010 1879 5063 in
1896 5009 1996 5065 100010.
