5017 6675
448 591 507 651 184
1136 570 1259 639 LOCUS
1277 578 1448 638 DECIMUS

447 737 520 795 citur
546 736 749 808 voluntarium,
774 737 804 791 id
826 735 922 792 subtili
947 736 1001 794 ista
1024 736 1132 792 ratione
1155 735 1283 808 explicat,
1344 743 1367 792 5.
1403 735 1560 792 Mirandum
1582 735 1658 792 illam
1680 733 1871 791 exactissimae
1895 731 2062 789 definitionis
2081 733 2145 789 bre-
2158 731 2199 771 Μ

448 825 516 897 quia
542 842 561 879 a
591 825 666 879 mala
696 825 838 880 voluntate
867 823 949 896 primi
973 823 1092 879 hominis
1118 830 1161 878 est
1184 830 1283 891 ortum,
1309 823 1425 879 vitatem
1451 824 1577 880 evolvere
1594 823 1683 879 voluit
1698 821 1754 878 Dn.
1773 820 1920 892 Philippus
1938 821 1967 874 in
1981 792 2199 876 definitioneiu'ri

449 911 513 968 libr.
534 917 557 966 1.
574 917 685 966 retract
703 928 727 966 c.
745 915 785 979 13,
804 910 870 981 quia
886 910 915 964 in
932 910 993 982 ipsa
1010 910 1127 965 hominis
1140 910 1284 964 voluntate
1310 909 1366 974 illa,
1384 927 1468 981 quam
1487 910 1516 964 in
1534 909 1671 980 colloquio
1691 907 1893 964 wormaciensi
1910 925 1981 962 anno
1999 913 2042 964 tt.
2058 906 2145 961 Eccio

447 998 541 1054 sedem
566 997 665 1067 habet,
690 1004 718 1052 et
740 996 805 1068 quia
822 1004 923 1052 nahita
940 998 1091 1069 depravata
1109 997 1150 1051 illi
1167 1001 1283 1068 peccato
1310 996 1457 1067 opposuit,
1481 995 1563 1052 Doct
1582 993 1823 1051 numenculario
1847 994 1924 1066 prius
1952 992 2145 1064 approbatam.

446 1086 475 1140 in
505 1084 604 1139 adulta
629 1091 720 1139 aetate
748 1085 893 1140 consentit.
933 1090 957 1140 6.
985 1083 1055 1139 Cum
1081 1101 1146 1140 vero
1173 1082 1283 1137 nomine
1310 1084 1461 1137 Peccatum
1485 1091 1524 1136 est
1545 1083 1590 1136 cel
1614 1083 1741 1144 defectus
1766 1081 1810 1135 cel
1833 1081 1981 1135 inclinatio
2005 1079 2050 1133 cel
2068 1079 2145 1133 actio

446 1172 604 1226 voluntarii
632 1169 817 1225 Bellarminus
849 1171 990 1240 intelligat
1021 1172 1055 1224 s'cl
1079 1172 1182 1240 solum,
1208 1170 1285 1240 meod
1305 1188 1438 1240 pugnans
1457 1187 1520 1223 cam
1537 1169 1598 1237 lege
1615 1168 1687 1238 Dei,
1712 1152 1854 1238 offendens
1873 1169 1981 1234 Decem,
2007 1167 2145 1219 damnata

447 1267 512 1313 actu
536 1258 725 1312 voluntarium
744 1266 798 1324 est,
826 1265 853 1311 et
876 1258 980 1312 auerte
996 1260 1096 1325 addat,
1114 1257 1202 1326 kgem
1214 1272 1329 1325 pro-,a
1354 1257 1432 1325 Deo,
1458 1263 1484 1309 et
1506 1255 1618 1320 faciens
1641 1272 1692 1308 nos
1716 1271 1779 1309 reos
1801 1261 1932 1307 aner-nae
1957 1254 2018 1307 true
2039 1253 2098 1306 Dei
2120 1259 2146 1306 et

445 1347 512 1417 pris
544 1362 600 1398 non
630 1343 699 1396 dari
726 1341 784 1396 nisi
808 1344 860 1412 iis,
892 1343 943 1412 gui
966 1344 1066 1397 labem
1093 1361 1174 1396 usum
1201 1340 1464 1413 liberi'poenarum
1484 1342 1675 1412 praesentium
1692 1359 1726 1395 ac
1745 1349 1935 1407 aeternmum,
1960 1340 2018 1394 nisi
2035 1341 2087 1405 siat
2103 1355 2146 1393 re-

449 1431 577 1499 arbitrii,
612 1429 827 1501 Pelagianorum
853 1429 977 1484 cassibus
1004 1436 1091 1485 semet
1115 1428 1207 1500 ipsum
1234 1420 1407 1493 immissio
1424 1437 1545 1499 propter·
1560 1429 1668 1483 Filium
1690 1429 1881 1483 raedictorum.
1916 1427 2031 1498 Exque
2050 1424 2145 1480 defini·

344 1538 352 1555 ν
449 1518 550 1590 plicat,
571 1533 635 1571 cum
660 1515 733 1570 enim
758 1514 878 1575 infantes
901 1534 953 1570 usu
978 1516 1058 1571 liberi
1074 1515 1182 1570 arbitrii
1200 1514 1386 1572 desti-'tione
1414 1515 1449 1571 ds
1480 1515 1720 1587 qualibuscunque
1752 1519 1876 1570 veterum
1903 1512 2146 1583 descriptionibus,

448 1609 574 1672 tuantur,
599 1601 697 1673 utique
723 1620 755 1657 ex
774 1602 827 1657 hac
846 1601 993 1673 hypothesi
1009 1607 1154 1673 peccatum
1173 1577 1427 1674 proprielquarum
1455 1602 1610 1672 complures
1635 1604 1758 1668 exstant,
1790 1599 1873 1654 facile
1899 1599 2019 1670 judicari
2045 1605 2147 1669 potest.

449 1691 554 1745 dictum
579 1687 609 1742 in
635 1687 674 1742 eis
698 1687 806 1745 nullum
831 1687 946 1743 habebit
969 1688 1070 1743 locum.
1112 1695 1136 1744 7.
1158 1686 1218 1751 Quo
1241 1701 1284 1741 re·
1311 1688 1476 1744 Ambrosius
1498 1688 1561 1743 libr.
1583 1688 1619 1743 de
1636 1686 1737 1743 Parad.
1755 1703 1779 1741 c.
1799 1693 1828 1742 8:
1850 1687 1999 1739 Peccatum
2016 1694 2056 1738 est
2074 1685 2147 1755 legiis
2160 1685 2199 1777 32

448 1775 593 1831 ferendum
620 1773 702 1830 etiam
727 1773 816 1838 istud,
841 1773 915 1845 quod
932 1773 1116 1829 Bellarminus
1137 1774 1210 1828 hanc
1226 1774 1284 1827 Au·
1312 1775 1425 1828 dimnac
1456 1775 1670 1843 praevaricatio
1707 1783 1733 1827 ct
1770 1773 1930 1827 coelestium
1958 1771 2149 1839 inobedientia
2161 1794 2199 1830 vn

357 1898 359 1902 -
450 1861 555 1932 gustini
574 1859 761 1915 definitionem
788 1861 950 1930 (peccatum
978 1869 1019 1914 est
1045 1862 1089 1915 cel
1115 1861 1220 1914 clinum
1242 1861 1286 1913 uel
1310 1869 1534 1931 praeceptorum.
1561 1859 1735 1932 Augustinus
1749 1858 1797 1914 lib.
1814 1858 1984 1929 l.adsimpl.
1998 1865 2105 1929 quaest
2122 1864 2148 1912 l:

443 1951 559 2018 sactum
579 1948 621 2001 uel
640 1947 815 2016 concupitum
835 1955 934 2001 contra
951 1948 1038 2016 legem
1055 1947 1217 2015 aeternam)
1234 1963 1285 2016 pro
1312 1950 1464 2002 Peccatum
1488 1953 1528 1999 est
1552 1946 1663 2001 aversio
1690 1964 1709 1999 a
1734 1945 1880 2001 conditore
1901 1953 1926 1998 et
1949 1946 1989 1997 ad
2006 1945 2150 2009 inferiora

446 2033 574 2106 generali
590 2031 752 2087 definitione
769 2032 879 2103 peccati
896 2041 1041 2104 acceptat3
1059 2050 1124 2087 nam
1143 2049 1167 2086 c.
1180 2037 1204 2086 2.
1216 2029 1286 2084 illud
1314 2034 1429 2088 condita
1456 2033 1605 2087 concerno.
1630 2031 1666 2086 de
1692 2030 1776 2086 duab.
1800 2031 1882 2087 anim.
1909 2036 2005 2084 contra
2025 2028 2149 2086 Manich.

451 2125 612 2192 peccatum,
631 2118 705 2190 quod
725 2119 754 2172 in
772 2119 861 2190 primo
880 2119 969 2189 capite
987 2118 1141 2187 definierat,
1158 2118 1187 2171 in
1205 2116 1287 2187 origi·
1314 2137 1337 2174 c.
1369 2126 1413 2176 11:
1441 2120 1590 2173 Peccatum
1614 2125 1654 2171 est
1673 2118 1803 2170 uoluntas
1823 2117 1964 2171 reticendi
1986 2118 2030 2170 cel
2054 2133 2150 2171 conse·

452 2206 515 2261 nale
533 2212 561 2260 et
581 2204 691 2259 actuale
709 2212 855 2274 peccatum
875 2204 1040 2275 destinguit:
1059 2223 1092 2259 ex
1111 2220 1165 2275 quo
1179 2208 1287 2274 promte
1314 2204 1431 2275 prendi,
1455 2205 1533 2274 meod
1551 2204 1667 2272 justitia
1689 2211 1768 2257 cetat
1793 2202 1839 2257 lib.
1867 2203 1902 2257 de
1921 2201 2022 2258 Genea.
2053 2200 2152 2257 adlit

453 2293 568 2365 colliget
586 2289 771 2362 Pelagianus3
796 2289 916 2346 infantes
941 2291 1010 2345 nihil
1035 2289 1154 2355 iaciunt,
1183 2291 1228 2345 vel
1247 2289 1287 2343 di·
1314 2291 1422 2363 imperf.
1439 2308 1463 2345 c.
1485 2298 1512 2346 l:
1531 2292 1680 2344 Peccatum
1698 2297 1737 2342 est
1751 2306 1861 2359 mamre
1879 2288 1983 2342 liberae
1997 2287 2152 2342 voluntates

452 2385 521 2435 cunt
544 2378 589 2432 vel
614 2375 814 2446 concupiscunt
831 2383 927 2431 contra
944 2377 1035 2448 legem
1051 2382 1207 2446 aeternam,
1224 2392 1288 2431 curn
1315 2395 1450 2434 msensue.
1468 2376 1529 2433 libr.
1547 2377 1583 2432 de
1601 2392 1667 2431 vera
1685 2374 1819 2447 religione
1838 2391 1862 2431 c.
1878 2380 1923 2431 ts:
1941 2377 2095 2429 Peccatum
2111 2381 2154 2428 est

452 2467 497 2521 lex
523 2463 635 2535 proprie
661 2479 718 2516 non
748 2462 829 2517 detur
853 2463 907 2517 nisi
933 2462 979 2531 iis,
1006 2463 1055 2533 qui
1077 2462 1182 2517 habent
1207 2479 1289 2516 usum
1316 2474 1447 2536 appetere
1472 2482 1520 2528 ea,
1547 2481 1619 2534 meae
1647 2463 1775 2516 Christus
1794 2463 1947 2530 contemsit,
1978 2469 2026 2516 aut
2042 2464 2152 2532 frugem,

391 2574 393 2578 ·
452 2551 534 2606 liberi
558 2548 673 2604 arbitrii.
708 2548 784 2620 Ergo
808 2548 837 2603 in
860 2548 1014 2605 infantibus
1037 2549 1144 2604 nullum
1168 2557 1211 2605 eet
1227 2565 1289 2620 pro-
1316 2570 1388 2622 guae
1405 2552 1456 2605 tite
1474 2550 1606 2604 sustinuit
1623 2566 1677 2619 pro
1697 2549 1788 2602 salute
1805 2556 1909 2602 nostra
1930 2548 1966 2604 de
1984 2547 2154 2604 fidecontra

328 3925 438 3975 Explica·

329 3977 363 4017 tls
377 3975 434 4016 det·

330 4028 426 4069 nluonls

329 4083 411 4130 aposto

329 4180 390 4251 l‘le‘as
398 4195 404 4221 τ

329 4253 443 4356 2¹1th

329 4370 406 4425 later

330 4439 348 4509 ἡ
365 4439 430 4497 ἀνο-

331 4514 393 4585 μοι.

380 4098 443 4171 ν.”ο.

452 2638 514 2710 pria
537 2636 642 2690 dictum
663 2641 817 2705 peccatum.
860 2641 884 2691 8.
909 2634 1000 2700 Quare
1020 2636 1124 2692 rectius
1146 2634 1182 2690 ab
1207 2651 1289 2690 evan-
1317 2637 1435 2692 Manich.
1452 2653 1476 2692 c.
1496 2642 1524 2692 8:
1549 2638 1672 2690 Peccare
1691 2635 1764 2689 nibil
1781 2635 1865 2689 aliud
1882 2642 1937 2703 est,
1960 2635 2017 2687 nisi
2034 2634 2065 2687 in
2081 2634 2153 2688 ueri·

453 2723 554 2797 gelista
571 2728 718 2793 peecatum
737 2721 765 2775 in
778 2721 1029 2792 generedetinitur,
1049 2722 1124 2794 quod
1137 2721 1173 2777 sit
1186 2719 1290 2794 ἀνομία
1317 2725 1384 2778 ratris
1407 2724 1567 2794 praeceptis
1591 2723 1635 2776 vel
1665 2723 1694 2775 in
1719 2723 1784 2792 spec
1803 2737 1900 2776 errare
1917 2721 2041 2775 ueritate.
2074 2725 2096 2775 1.
2117 2719 2155 2776 de

456 2816 477 2866 1.
495 2809 557 2864 doh.
586 2813 616 2876 3,
639 2825 664 2862 ν.
692 2813 725 2863 t:
752 2823 825 2878 quae
850 2807 974 2863 definitio
1002 2809 1129 2863 miranda
1153 2807 1290 2863 brevitate
1316 2812 1365 2867 lib.
1392 2810 1486 2866 arbitr.
1508 2828 1532 2866 c.
1559 2817 1603 2866 re:
1630 2811 1753 2864 Peccata
1780 2811 1874 2883 omnia
1894 2809 1947 2863 lr'oc
1969 2826 2025 2862 uno
2051 2825 2154 2876 genere

453 2911 547 2949 veram
565 2898 593 2949 et
608 2892 748 2964 propriam
767 2893 876 2963 peccati
896 2895 1030 2949 rationem
1049 2894 1190 2965 exprimit,
1214 2893 1289 2966 qnod
1316 2899 1500 2965 eontinentur,
1520 2915 1582 2951 cum
1601 2897 1716 2967 quicque
1735 2897 1870 2950 auertitur
1886 2913 1905 2948 ο
1916 2895 2021 2948 diuinas
2034 2910 2156 2963 uereque

454 2981 561 3036 scilicet
588 2980 624 3035 sit
651 2978 789 3035 aberratio
814 2996 833 3033 a
860 2980 923 3051 legs
948 2980 1005 3034 sive
1030 2979 1291 3052 non-congruentia
1317 2985 1489 3039 manentibus
1518 2991 1543 3036 et
1570 2985 1612 3037 ad
1635 2982 1782 3036 mutabilia
1809 2990 1890 3050 atque
1916 2981 2022 3035 incerta
2039 2997 2155 3033 οοοοον-

454 3085 518 3122 cum
544 3066 618 3137 lege,
644 3066 703 3122 sive
728 3083 762 3120 ea
787 3066 816 3120 in
839 3065 901 3138 ipsa
917 3072 1018 3122 natura
1035 3067 1149 3122 haereat
1167 3070 1209 3134 (ut
1225 3083 1289 3138 pec·
1317 3072 1394 3126 titur.
1428 3069 1643 3141 Chrysostomus
1664 3070 1693 3122 in
1711 3085 1734 3123 c.
1755 3073 1793 3124 18.
1811 3067 1924 3122 Mean:
1942 3068 2094 3120 Peccatum
2113 3073 2156 3119 est

455 3159 549 3209 catum
566 3150 692 3222 originis)
711 3152 768 3206 sive
786 3151 816 3206 in
835 3151 925 3221 dictis,
947 3152 1029 3207 iactis
1048 3169 1081 3206 ac
1094 3152 1288 3223 concupiscen·
1317 3159 1381 3211 Deo
1415 3175 1472 3212 non
1501 3156 1624 3211 obedire.
1677 3153 1868 3211 Damascenus
1896 3159 1921 3210 1.
1950 3151 2055 3207 orthod.
2085 3150 2156 3206 fidei

454 3240 512 3295 tiae
528 3236 648 3293 motibus
666 3236 824 3292 inveniatur
841 3240 884 3305 (ut
903 3238 996 3293 omnia
1016 3238 1139 3293 actualia
1154 3241 1289 3308 peccata),
1317 3261 1340 3298 ο.
1362 3249 1409 3299 23:
1436 3244 1480 3311 ιῆς
1499 3243 1607 3310 turolte
1629 3239 1645 3309 ἡ
1664 3237 1817 3310 παράβασις
1835 3239 1957 3313 upapam
1976 3237 2059 3293 ἔστιν.
2094 3238 2154 3292 An·

456 3325 524 3399 quin
553 3330 582 3380 et
612 3340 664 3378 sua
687 3323 837 3379 latitudine
867 3331 1013 3396 peccatum
1044 3323 1198 3381 omissionis
1220 3323 1290 3379 haec
1316 3331 1391 3386 selm.
1412 3348 1495 3402 super
1512 3329 1648 3386 2.Hebr.:
1665 3329 1815 3383 Peccatum
1834 3335 1875 3381 est
1890 3327 1934 3381 cel
1951 3328 2049 3390 facere
2065 3325 2155 3381 cetr'ta

456 3411 583 3469 definitio
618 3410 825 3482 complectitur,
865 3411 939 3482 quod
976 3410 1072 3466 itidem
1109 3417 1151 3467 est
1179 3411 1290 3481 ἀνομίαΙ
1316 3419 1359 3473 acl
1376 3436 1432 3471 non
1448 3420 1547 3484 facere
1561 3417 1655 3486 jussa.
1692 3413 1838 3469 Caeterum
1850 3431 1906 3468 non
1917 3413 1976 3476 fuit
1982 3413 2044 3482 piis
2055 3411 2155 3466 ceteri

456 3498 632 3555 Meritissimc
658 3496 744 3568 igitur
765 3496 800 3550 D.
823 3497 945 3553 Johanni
967 3496 1021 3551 hoc
1045 3497 1191 3563 tribuitur,
1216 3498 1291 3569 quod
1318 3506 1366 3558 brus
1375 3505 1563 3574 propositum,
1581 3510 1707 3556 mactum
1719 3502 1749 3555 in
1765 3500 1826 3554 illis
1840 3499 2034 3570 pronuntiatis
2052 3498 2155 3552 consti·

457 3589 493 3643 de
519 3602 586 3641 voce
610 3581 744 3644 οάιοοιὸς
769 3602 787 3640 a
810 3602 841 3641 se
865 3583 1023 3656 excogitata
1044 3583 1142 3639 scribit
1168 3584 1292 3657 Scaliger
1317 3600 1392 3645 tuere
1412 3590 1608 3658 definitionem,
1628 3605 1700 3658 miae
1719 3587 1947 3657 complecteretur
1966 3593 2052 3638 totum
2070 3585 2155 3650 illud,

457 3672 568 3730 exercit
587 3677 647 3728 365·
668 3670 791 3726 sectione
803 3677 828 3727 2.
847 3688 909 3726 enm
919 3670 1077 3726 ndmirnbili
1088 3671 1196 3728 ambitu
1207 3672 1291 3745 signi·
1318 3678 1394 3747 quod
1406 3677 1519 3746 peccati
1534 3675 1644 3729 nomine
1663 3682 1808 3742 censetur,·
1827 3674 1879 3728 sed
1888 3671 2036 3725 coluerunt
2047 3687 2156 3741 ponere

457 3760 556 3816 ficatus
575 3756 721 3814 definitum
739 3757 809 3812 illud
830 3775 910 3813 suum
928 3758 1091 3829 exprimere.
1318 3764 1457 3834 quaedam
1475 3762 1686 3831 damniticam,
1702 3779 1758 3815 non
1777 3758 1925 3814 dialectice
1943 3758 2156 3828 complectentes

1318 3858 1404 3903 totam
1422 3858 1554 3904 naturum
1574 3848 1696 3917 definiti,
1724 3848 1777 3901 aed
1795 3846 2040 3916 accomodocuugae
2058 3860 2154 3897 conee-

493 3937 519 3987 4.
552 3930 704 3985 Peccatum
721 3928 874 3985 formaliter
889 3928 1082 3999 estdelcctus3
1100 3929 1292 3985 omuisautem
1317 3938 1421 3989 sternes
1446 3934 1493 3987 itti
1516 3934 1665 4001 moces-iae,
1692 3934 1728 3986 cte
1750 3951 1807 4002 qua
1830 3933 1860 3985 in
1883 3931 1966 3985 certis
1986 3931 2155 3999 quitmmm

457 4017 583 4073 defectus
602 4021 644 4070 cst
661 4015 691 4069 in
708 4016 829 4087 quodam
847 4023 919 4085 ente,
937 4016 1025 4070 omnis
1042 4015 1162 4086 privatio
1179 4016 1209 4070 in
1224 4030 1291 4086 quo·
1319 4020 1555 4091 disputationibus
1580 4026 1606 4072 et
1630 4018 1753 4072 homitias
1776 4019 1935 4087 loquuntur.
1971 4016 2066 4073 Verba
2090 4023 2156 4071 sunt

457 4104 523 4158 dam
545 4102 684 4172 subjecto,
713 4118 794 4156 omne
816 4100 920 4155 malum
946 4108 988 4157 cst
1010 4101 1040 4155 in
1063 4101 1182 4171 quodem
1202 4101 1291 4170 bonor
1319 4109 1372 4162 Dn.
1391 4105 1541 4162 Chemnicii
1558 4123 1586 4176 p.
1608 4112 1628 4160 l.
1646 4103 1730 4159 locor.
1749 4104 1845 4160 Theoi.
1865 4105 1916 4161 loc.
1936 4113 1960 4160 1.
1978 4121 2002 4158 c.
2025 4109 2048 4159 3.

457 4188 574 4261 proinde
591 4195 620 4242 et
638 4194 798 4258 peccatum,
816 4187 891 4258 quod
908 4192 950 4241 est
969 4204 1018 4242 ens
1035 4187 1181 4257 privatum.
1217 4186 1291 4241 Illud
1353 4201 1377 4249 6,
1414 4192 1552 4247 Frivolum
1576 4195 1631 4260 est,
1654 4191 1727 4262 quod
1751 4190 1912 4245 Andradins
1937 4191 2035 4261 Peyva
2058 4189 2105 4245 lib.
2127 4195 2152 4244 3.
2167 4199 2199 4267 ⁸2¹

456 4274 573 4330 formale
588 4274 712 4345 peccati,
734 4272 864 4330 videlicet
881 4273 943 4344 ipsa
960 4273 1079 4344 privatio
1098 4291 1148 4328 seu
1166 4273 1292 4328 deiectus
1319 4280 1423 4335 defens,
1449 4278 1495 4332 fid.
1520 4276 1597 4333 '1¹rid,
1626 4284 1655 4331 et
1676 4276 1836 4331 Bellnrmin.
1859 4275 1921 4331 libr.
1950 4282 1970 4332 1.
1997 4276 2034 4331 do
2058 4274 2152 4331 amisa.
2166 4267 2199 4360 ξιξ

458 4361 619 4432 exprimitur
638 4359 704 4416 aD.
717 4360 846 4416 iohanne
864 4378 914 4430 ptr
931 4360 962 4414 rt
980 4359 1081 4430 rodomo
1095 4361 1255 4430 ercensinda
1267 4381 1293 4425 u,
1320 4371 1390 4438 grat.
1414 4370 1443 4419 et
1467 4370 1541 4418 statu
1559 4370 1665 4433 peccat.
1684 4380 1707 4417 c.
1727 4369 1755 4431 1,
1783 4370 1815 4417 ut
1832 4369 1861 4418 et
1877 4362 1939 4417 libr.
1959 4370 1982 4417 5.
2002 4379 2024 4416 c.
2046 4369 2085 4417 rt.
2104 4361 2154 4417 ob
2168 4379 2199 4413 aa

457 4455 486 4504 et
503 4447 589 4502 habet
607 4446 742 4500 rationem
760 4446 869 4517 generis
888 4448 917 4500 in
935 4445 1094 4502 definitione
1131 4446 1293 4502 Porrocum
1320 4457 1443 4520 vertunt,
1471 4469 1527 4504 non
1549 4468 1655 4504 omnen
1681 4450 1804 4518 ἀνομίαν
1831 4467 1887 4503 esce
1901 4457 2064 4518 peccatum,
2091 4465 2156 4503 cum

457 4533 626 4606 privationuu
661 4531 812 4586 rectissime
840 4532 1015 4588 declarentur
1045 4539 1073 4588 et
1101 4533 1294 4604 intelligantur
1314 4546 1435 4609 peccata
1453 4545 1572 4590 naturae
1585 4537 1692 4591 etartis
1703 4537 1800 4590 itidem
1813 4532 2156 4606 aintquuedamdsopta5

457 4618 605 4676 collatione
623 4616 777 4686 habituum,
798 4623 895 4688 utpote
911 4619 1022 4690 quando
1032 4618 1149 4674 dicimus
1163 4620 1294 4675 tenebras
1320 4622 1418 4697 decimes
1437 4624 1507 4677 baec
1526 4622 1737 4691 peneralc'sss'ma
1748 4624 1789 4676 D.
1800 4623 1942 4677 Johenne‘s
1959 4622 2085 4692 definitio
2098 4640 2158 4675 non

458 4723 520 4762 esse
536 4703 720 4776 privationem
737 4703 821 4773 lucis,
850 4710 877 4759 et
898 4721 963 4758 vcro
985 4721 1082 4760 norma
1100 4704 1227 4774 justitiae
1243 4722 1293 4760 seu
1320 4714 1411 4768 minna
1429 4709 1581 4764 conueniat.
1611 4707 1833 4780 Respondemus:
1852 4709 1915 4766 Non
1935 4708 1969 4762 de
1988 4695 2157 4779 quacunque

459 4790 661 4849 conformitatis
688 4805 752 4843 cum
770 4789 831 4846 Dec
860 4790 1011 4862 archetypo
1038 4790 1073 4845 sit
1105 4788 1204 4864 νόμος,
1233 4791 1294 4863 ipss
1320 4793 1525 4870 generalissima
1560 4801 1676 4866 accepta
1712 4793 1817 4867 ἀνομίᾳ
1852 4794 1994 4865 apostolus
2022 4792 2157 4864 loquitur,

458 4880 517 4946 lex,
544 4877 608 4933 ideo
636 4875 795 4931 differentia
819 4877 930 4946 pcccati
956 4876 1087 4948 specifica
1112 4877 1228 4932 sumitur
1256 4878 1293 4934 ab
1320 4884 1369 4941 sed
1388 4884 1424 4939 ds
1442 4881 1628 4952 discrepantia
1645 4897 1663 4935 a
1680 4897 1777 4935 norma
1793 4880 1863 4952 legia
1880 4879 2007 4948 divinae,
2029 4879 2059 4934 id
2077 4880 2156 4951 quod

457 4965 506 5020 illa
524 4964 604 5035 legs,
623 4970 655 5017 ut
671 4962 738 5018 inde
755 4962 856 5017 evadat
874 4962 997 5018 definitio
1015 4980 1033 5018 a
1050 4965 1201 5031 contrario,
1221 4982 1293 5036 quae
1320 4973 1402 5026 docet
1439 4977 1498 5024 tam
1534 4966 1658 5038 subjecto
1686 4982 1770 5038 quarn
1798 4966 1958 5036 praedicata
1988 4965 2156 5036 propositio·

458 5052 488 5105 in
506 5049 707 5121 privationibus
726 5048 916 5104 describendis
934 5055 977 5104 est
995 5050 1112 5120 optima,
1133 5067 1196 5106 cum
1215 5049 1292 5121 νόθῳ
1319 5059 1362 5113 nin
1388 5055 1500 5111 additus
1525 5053 1669 5117 menius,
1699 5053 1746 5124 qui
1773 5059 1877 5107 nomm
1902 5051 1947 5105 hic
1972 5052 2062 5108 notari
2086 5051 2155 5109 ἀνθ.

458 5141 567 5190 tantum
591 5135 665 5205 λόγῳ
691 5134 890 5206 intelligantur.
935 5134 1087 5191 Peccatum
1112 5142 1155 5190 est
1178 5136 1292 5211 ἀνομία,
1319 5150 1390 5216 μίαν
1406 5147 1435 5196 ο1
1452 5140 1564 5211 plenam
1586 5138 1660 5194 tradi
1678 5137 1786 5208 peccati
1806 5136 1993 5192 definitionem
2018 5138 2157 5210 (recipro-
2169 5153 2199 5197 v.

457 5221 510 5278 hoc
527 5227 578 5291 est,
595 5221 791 5293 discrepantia,
809 5220 957 5290 aberratio,
975 5220 1093 5276 deflexio
1110 5239 1128 5277 a
1146 5222 1217 5293 lege,
1235 5224 1293 5280 sive
1321 5246 1383 5284 cam
1408 5226 1524 5295 scilicet)
1550 5225 1691 5281 evidenter
1714 5224 1814 5295 arguit
1848 5223 1904 5278 'Iit
1923 5229 1953 5293 2,
1974 5241 2000 5277 v.
2025 5230 2065 5280 11.
2085 5225 2159 5281 dici·

457 5307 486 5362 in
517 5307 580 5378 ipsa
608 5313 709 5363 natura
735 5307 794 5362 sive
823 5306 852 5361 in
882 5306 1038 5362 actionibus
1067 5324 1101 5363 ea
1128 5308 1292 5381 inveniatur,
1320 5331 1382 5368 mur
1404 5330 1422 5367 a
1444 5310 1555 5368 Christo
1579 5309 1636 5366 ἀπὸ
1661 5308 1751 5377 udam
1772 5308 1890 5384 ἀνομίας
1913 5309 2041 5365 redemti:
2069 5329 2160 5383 quam

457 5394 525 5467 quin
547 5392 602 5448 imo
630 5394 706 5465 quod
724 5392 790 5450 ἀνευ
809 5394 898 5465 νόμου
925 5393 969 5464 fic,
999 5401 1031 5449 ut
1057 5394 1292 5463 ltetoepn'cxam.
1321 5400 1430 5470 ineptus
1448 5399 1584 5469 interpres
1601 5397 1661 5466 erit,
1680 5397 1729 5467 qui
1749 5397 1784 5453 de
1803 5397 1900 5453 ematis
1920 5396 2023 5451 mtium
2042 5398 2089 5453 vel
2110 5417 2161 5455 na-

457 5481 553 5537 itidem
588 5478 705 5553 ἀνομίος
734 5481 844 5537 nomine
874 5481 958 5538 venit.
1002 5481 1131 5554 Denique
1157 5498 1220 5538 cum
1248 5484 1293 5540 lex
1320 5486 1457 5541 turalibus
1483 5502 1628 5556 corporum
1653 5484 1807 5540 defectibus
1831 5501 1864 5539 eo
1886 5483 1948 5539 loco
1968 5483 2094 5555 cogitare
2109 5504 2160 5542 vo·

456 5567 563 5640 obliget
579 5567 617 5621 ad
633 5566 834 5633 obedientiam,
857 5568 903 5623 vel
923 5568 959 5624 ad
976 5584 1111 5640 poenam,
1129 5568 1193 5624 idco
1209 5568 1293 5627 facile
1320 5572 1411 5628 luerit.

456 5655 521 5711 inde
558 5652 714 5724 colligitur,
752 5670 816 5707 cum
853 5653 907 5709 hac
943 5653 1048 5725 ἀνομίᾳ
1086 5660 1194 5709 reatum
1233 5656 1293 5711 sive

457 5739 656 5813 obligationem
690 5739 727 5793 ad
762 5755 880 5810 poenam
910 5740 1097 5796 indissolubili
1125 5757 1199 5796 nexu
1228 5758 1292 5797 con·

453 5828 582 5897 junctam
597 5843 666 5883 esse.

1635 5730 1842 5738 *—
