5017 6675
935 629 987 686 DE
1006 626 1191 686 PECCATIS
1209 627 1463 689 ACTUALIBUS.
1984 640 2046 699 213

342 790 467 836 namroc
485 785 583 837 eodem
603 792 643 837 est
661 803 724 838 mem
741 786 915 840 institutione
933 793 1066 854 naturae,
1085 794 1182 840 contra
1212 791 1274 838 cato
1293 787 1515 850 contaminatam,
1537 800 1608 858 quae
1626 785 1823 843 contaminatio
1836 788 1919 858 juxta
1931 774 2049 845 bittit·

343 889 430 939 mam
446 871 649 923 institutionem
663 881 791 942 pugnant
809 873 925 927 rebellio
945 874 1040 926 carnis
1056 880 1082 926 et
1104 874 1181 941 diffi·
1210 871 1409 927 confessionem
1437 889 1531 928 veram
1558 873 1693 928 rationem
1713 875 1822 944 peccati
1840 874 1954 942 habeat,
1983 874 2048 930 Bel·

341 958 438 1011 cultas
455 958 622 1025 uoluntatis,
646 961 699 1012 scel
723 977 757 1012 ea
774 978 830 1024 oon
849 968 913 1014 sunt
931 969 1049 1030 peccato
1063 961 1182 1029 proprie
1210 956 1342 1012 larminus
1360 965 1455 1013 contra
1473 960 1657 1014 conscientiae
1682 976 1749 1014 suae
1771 960 1960 1016 testimonium
1978 961 2048 1016 hacc

342 1043 437 1112 dicto,
458 1045 512 1096 scol
525 1060 636 1113 poenae
652 1047 778 1114 peccati,
797 1054 824 1099 et
842 1049 971 1111 defectus
988 1055 1182 1116 consequentes
1209 1045 1279 1112 duo,
1308 1050 1454 1115 peccatum
1478 1062 1538 1101 csso
1562 1053 1590 1101 et
1615 1053 1729 1116 peceato
1747 1047 1964 1101 contaminatum
1985 1062 2045 1102 esse

342 1132 508 1196 rumesiam,
527 1133 762 1199 quemadmodum
781 1149 810 1185 se
829 1133 910 1186 tates
925 1135 1023 1201 nibipo
1040 1135 1070 1186 in
1091 1134 1181 1186 cultro
1209 1131 1355 1186 confundit
1380 1138 1408 1187 et
1430 1139 1523 1187 tamen
1549 1149 1572 1186 c.
1595 1137 1619 1188 6.
1646 1138 1769 1203 sequent.
1794 1133 1829 1189 de
1847 1133 1998 1187 mendaciis
2018 1119 2067 1188 et'

342 1219 451 1281 ferreo.
486 1216 564 1274 Haec
591 1217 682 1272 omnia
709 1217 892 1272 Bellarminus
918 1238 973 1274 non
1001 1219 1118 1289 amplius
1143 1219 1181 1273 in·
1210 1218 1354 1273 calumniis
1374 1226 1527 1275 nostrorum
1547 1221 1734 1290 conqueritur,
1752 1237 1823 1291 quae
1841 1236 1937 1275 revera
1954 1220 2048 1276 nullas

344 1303 459 1373 directe,
478 1302 528 1357 scd
547 1309 643 1373 aperte
658 1303 893 1374 Pelagianismum
909 1322 1097 1377 propugnans.
1210 1312 1282 1364 sunt,
1303 1305 1327 1359 si
1344 1306 1430 1360 rerba
1447 1307 1570 1377 ipsorum
1587 1307 1734 1378 diligenter
1755 1308 1937 1374 excutiantur,
1954 1314 1987 1361 ut
2004 1324 2048 1360 su·

257 1397 318 1436 ³¹¹²·—
378 1396 421 1447 71.
458 1390 552 1461 Atque
576 1389 644 1444 haec
668 1390 816 1444 dictasint
835 1409 885 1462 pro
903 1391 1182 1446 nostraescntentiae
1211 1392 1303 1461 perius
1329 1392 1357 1446 in
1383 1392 1519 1446 distinctis
1545 1393 1612 1448 locis
1638 1393 1814 1448 ostendimus.
1850 1394 2048 1464 Expendamus

266 1450 292 1488 td

257 1468 328 1540 nris.
342 1475 560 1542 confirmatione,
583 1477 658 1547 quod
676 1476 899 1547 concupiscentia
917 1477 946 1531 in
962 1478 1180 1549 renatisrclique
1210 1478 1370 1533 Bellarmini
1390 1479 1519 1543 rationes,
1545 1487 1565 1534 1.
1578 1480 1639 1535 Jac.
1657 1485 1680 1547 l,
1695 1498 1720 1533 r.
1740 1486 1783 1534 tt:
1808 1480 2049 1549 Concupiscentia,
2061 1473 2178 1576 pla-⁶29„

257 1562 279 1643 ᾖ
342 1579 409 1617 rere
425 1563 462 1616 sit
478 1572 639 1633 peccatnm3
666 1564 809 1620 videamus
827 1580 899 1635 quae
920 1564 957 1619 sit
973 1564 1180 1619 Pontificiorum
1210 1582 1270 1616 mem
1288 1567 1453 1634 conceperit,
1468 1566 1550 1634 parit
1564 1574 1723 1634 peccatum,
1737 1573 1884 1634 peccatum
1903 1583 1967 1620 vero
1986 1579 2158 1623 cuimisertus,

257 1666 302 1695 su·
342 1650 378 1704 de
391 1648 444 1704 bac
456 1650 682 1720 coucupiscentia
694 1650 796 1720 opinio.
821 1649 924 1705 Concil
938 1651 1138 1706 Tridentsess.
1152 1657 1181 1704 t:
1209 1660 1426 1704 consummatum
1445 1653 1542 1716 fucrit,
1563 1661 1678 1720 pencrat
1696 1661 1818 1704 mortem.
1853 1654 1931 1735 Erpa
1950 1669 2048 1706 concu-
2061 1640 2164 1729 {fflffi'

257 1709 331 1800 :eppa
345 1736 605 1807 Concsspiscentiam
627 1737 725 1807 illam,
752 1756 836 1807 quam
855 1739 1012 1808 aliquando
1036 1739 1181 1807 apostolus
1206 1738 1354 1807 piscentia,
1372 1739 1391 1790 i.
1409 1755 1431 1790 c.
1450 1740 1577 1807 potentia
1590 1756 1695 1807 prona,
1716 1746 1741 1790 et
1754 1739 1865 1808 primus
1885 1740 2048 1806 ejusmotus
2061 1710 2180 1825 2¹:225*

257 1821 301 1900 ἲ·
339 1832 490 1892 peccatum
506 1831 595 1888 went,
613 1832 712 1877 sancta
729 1826 854 1892 maedus
878 1826 1019 1893 declarat,
1036 1825 1180 1878 ecclesiam
1210 1824 1312 1892 absorte
1337 1841 1470 1877 consensu
1495 1827 1617 1878 nondum
1641 1832 1680 1878 est
1698 1833 1854 1894 peccatum.
1889 1823 2048 1894 Responde·
2138 1812 2145 1826 ’

345 1911 512 1965 catholicam
531 1928 672 1980 nunquam
689 1911 858 1963 intellexisse
871 1920 1018 1981 peccatum
1031 1910 1181 1981 appellari,
1209 1928 1284 1964 mus:
1307 1917 1328 1964 1.
1342 1908 1600 1981 concupiscentiam
1619 1928 1717 1981 parcre
1731 1916 1876 1981 peccatum
1894 1904 1963 1965 dicit
1981 1928 2045 1982 apo·

345 1998 422 2065 prosi
444 2014 508 2051 cere
532 2005 557 2049 ct
575 1996 695 2066 proprie
719 1998 749 2049 in
767 1998 875 2050 renatis
890 2006 1037 2066 peccatum
1054 1998 1105 2060 sit,
1132 2000 1182 2049 scd
1208 1998 1303 2064 stolus,
1323 1998 1574 2067 concupiscentiam
1598 2004 1742 2068 peccatum
1767 2016 1822 2053 non
1841 2014 1901 2053 esse
1917 1998 2046 2067 nuspiam

344 2084 412 2152 cisia
439 2100 472 2136 cs
493 2092 612 2152 peccato
637 2091 678 2137 est
703 2090 730 2136 ct
754 2086 796 2136 ad
815 2093 961 2153 peccatum
985 2085 1113 2138 inclinat.
1150 2083 1183 2137 Si
1209 2083 1291 2151 dicit,
1314 2089 1336 2138 t.
1350 2084 1399 2137 sed
1418 2099 1469 2138 nec
1484 2082 1564 2137 firma
1575 2083 1773 2152 consequentia
1790 2101 1822 2138 ex
1839 2083 1957 2154 apostoli
1969 2084 2046 2140 dicto
2102 2096 2115 2117 '·

344 2171 408 2239 quis
425 2178 519 2223 autern
539 2171 711 2224 contrarium
729 2171 854 2237 sensuit,
876 2160 1026 2224 anatliema
1043 2172 1087 2224 sit.
1119 2170 1180 2225 Bel·
1209 2171 1260 2223 hoc
1278 2175 1371 2240 potest
1390 2168 1466 2233 elici3
1491 2187 1600 2240 possem
1617 2171 1691 2224 enim
1711 2170 1793 2224 simili
1811 2171 1917 2225 ratione
1934 2168 2046 2229 couch-

344 2255 477 2309 larminus
504 2258 668 2311 sententiam
694 2256 804 2310 concilii
829 2256 870 2310 ita
891 2257 1011 2327 explicat
1033 2256 1080 2312 lib.
1103 2264 1127 2311 5.
1147 2256 1181 2310 dc
1209 2256 1289 2310 dere:
1308 2255 1386 2310 Rom.
1402 2263 1425 2320 5,
1443 2274 1469 2311 v.
1486 2263 1529 2312 12:
1548 2275 1603 2327 pcr
1620 2276 1706 2311 unum
1723 2258 1833 2312 homine
1851 2258 2046 2328 intrauitpcs·
2122 2244 2136 2313 ᾗ

343 2342 435 2396 amisa.
453 2348 524 2413 grat.
536 2349 565 2397 et
581 2347 655 2396 statu
674 2342 781 2413 peccati
800 2359 822 2395 c.
840 2349 870 2397 i:
890 2344 1181 2396 Asseninusnaturoc
1208 2351 1300 2396 catum
1319 2344 1348 2397 in
1368 2346 1516 2412 mundum,
1538 2361 1564 2396 v.
1585 2351 1630 2399 itt:
1655 2362 1709 2415 per
1726 2345 1943 2398 inobedientiam
1962 2342 2047 2400 unius

344 2429 553 2498 coemptionem
576 2429 634 2482 sice
658 2430 920 2499 concupiscentiam,
940 2429 1034 2498 qualis
1059 2437 1182 2482 remanet
1209 2430 1328 2482 laminis
1343 2438 1509 2499 peccatores
1527 2431 1672 2483 constituti
1694 2439 1758 2483 sunt
1783 2431 1871 2486 metiti.
1906 2429 1981 2502 Ergo
2000 2426 2047 2485 ills

339 2524 406 2584 post
431 2516 596 2585 baptismum
620 2515 650 2568 in
672 2517 857 2583 reponeretis,
883 2534 940 2568 non
958 2532 1016 2570 esse
1035 2523 1179 2585 peccatum
1209 2516 1289 2571 homo
1313 2533 1368 2570 non
1394 2517 1447 2570 fuit
1469 2520 1613 2587 peccator,
1640 2533 1706 2587 crgo
1726 2516 1800 2569 illius
1818 2516 1976 2572 obedientia
1992 2533 2048 2572 nou

344 2601 479 2671 originis,
503 2618 560 2655 non
578 2601 668 2653 solum
686 2600 754 2672 ousia
771 2620 827 2656 non
844 2603 1013 2672 imputatur,
1032 2605 1083 2656 sed
1100 2602 1182 2655 ctiam
1208 2602 1262 2657 fuit
1280 2608 1442 2672 peccatum
1463 2607 1486 2657 3.
1508 2602 1574 2674 quin
1592 2601 1684 2672 potius
1702 2602 1725 2655 si
1744 2603 1969 2673 concupiscentia
1984 2602 2063 2674 pu'·¹

344 2690 414 2758 qrsia
434 2689 572 2757 imputari
587 2705 644 2741 non
661 2695 761 2757 potest,
780 2707 841 2741 mem
858 2689 968 2742 nullum
986 2689 1023 2742 sit
1043 2707 1076 2742 cc
1093 2706 1122 2742 ss
1139 2689 1182 2742 vei
1208 2695 1302 2743 catum
1329 2689 1414 2759 parit,
1443 2689 1504 2760 ipsa
1530 2695 1676 2758 peccatum
1703 2688 1768 2756 erit,
1795 2688 1858 2742 cum
1884 2688 2002 2760 gignens
2020 2678 2049 2744 e't

343 2793 397 2828 sua
417 2783 525 2827 natm
537 2782 685 2844 peccatum
702 2773 773 2829 libro
786 2781 810 2830 t.
824 2775 860 2828 de
877 2774 967 2828 amics.
988 2781 1059 2846 grat.
1077 2779 1106 2829 et
1118 2780 1181 2828 stat.
1209 2776 1334 2847 genitum
1352 2777 1447 2831 sinon
1466 2793 1574 2837 semper
1592 2776 1693 2846 specie,
1712 2782 1804 2830 tumen
1816 2792 1918 2846 genere
1929 2776 2047 2830 invicem

342 2869 450 2932 peccat.
470 2877 493 2915 c.
511 2866 539 2915 t:
563 2862 690 2929 Ci‘nplius
708 2864 795 2929 (locet,
813 2862 946 2929 morbum,
965 2862 1014 2930 qui
1030 2879 1049 2913 a
1064 2869 1182 2931 peccato
1209 2862 1428 2932 communicent3
1456 2869 1481 2919 t.
1501 2879 1553 2917 nec
1572 2863 1653 2915 unius
1673 2861 1790 2916 inclusio
1808 2860 1903 2939 statim
1918 2866 1962 2918 ast
1979 2861 2047 2917 alte·

338 2950 433 3018 primi
447 2949 568 3002 bominis
584 2951 728 3002 redundat
746 2949 775 3000 in
794 2965 888 3001 omnes
902 2948 1033 3017 tornines,
1050 2967 1106 3001 non
1125 2965 1182 3001 esse
1209 2950 1265 3002 rius
1289 2949 1423 3013 exclusio,
1447 2949 1562 3020 proinde
1581 2967 1636 3003 non
1654 2947 1750 3003 licebit
1769 2948 1911 3019 colligere:
1938 2945 2047 3005 Obucu-

339 3035 469 3105 proprie‚
487 3037 540 3088 sed
555 3036 733 3102 metonymice
747 3043 908 3105 peecatum.
930 3035 1034 3103 idest,
1058 3037 1182 3104 effectum
1210 3036 1345 3106 piscentia
1362 3035 1436 3106 parit
1455 3042 1607 3106 peccatum.
1643 3034 1718 3105 Ergo
1737 3034 1800 3104 ipsa
1817 3051 1872 3088 uon
1890 3039 1932 3089 est
1948 3050 2047 3105 pccca-

342 3129 371 3175 et
396 3138 512 3174 missam
535 3122 655 3190 peccati,
680 3122 711 3174 in
738 3122 790 3174 loc
818 3120 943 3175 conuenit
964 3119 1092 3188 OEnplius
1120 3138 1181 3173 cum
1209 3131 1282 3191 tum3
1304 3129 1327 3177 5.
1348 3122 1414 3192 quin
1433 3122 1525 3193 potius
1544 3121 1691 3192 distinguit
1709 3121 1850 3190 apostolus
1870 3126 2048 3191 peccatorum

342 3208 502 3275 catholicis,
520 3193 648 3262 ducentii
665 3226 683 3260 a
697 3208 820 3261 Lethero
834 3206 887 3263 lib.
904 3215 926 3263 5.
946 3225 969 3262 c.
986 3214 1031 3263 10:
1050 3225 1105 3260 non
1118 3224 1181 3259 con·
1208 3210 1314 3280 gradum
1343 3215 1371 3262 et
1389 3208 1423 3261 de
1444 3206 1546 3262 actuali
1567 3207 1676 3262 mortali
1693 3213 1808 3278 peccato
1827 3208 1946 3278 quaerit,
1973 3207 2047 3262 unde

342 3294 520 3367 esspisccntia
545 3295 654 3357 carnis,
681 3295 734 3348 scd
755 3295 866 3363 cordis,
892 3296 926 3348 iel
944 3303 996 3363 est,
1020 3294 1181 3348 uoluntaria
1209 3294 1334 3350 oriatur?
1359 3295 1509 3366 respondet
1533 3300 1625 3349 autem
1653 3309 1686 3348 ex
1712 3293 1936 3365 concupiscentia
1953 3311 2047 3365 prave,

337 3383 488 3454 prohibita
507 3383 592 3435 estin
610 3383 680 3450 lece,
697 3383 763 3436 Non
781 3382 959 3451 concupisces
977 3382 1062 3452 (quod
1081 3380 1181 3435 descri-
1209 3402 1263 3438 non
1282 3400 1299 3437 a
1317 3382 1377 3438 Deo
1395 3382 1474 3450 oriri,
1501 3383 1626 3453 quamvis
1645 3382 1731 3453 igitur
1749 3383 1777 3436 in
1796 3383 1898 3437 renatis
1916 3381 2046 3452 concupi·

341 3469 399 3542 psit
414 3486 450 3524 ex
468 3468 596 3524 lobannc
617 3484 634 3523 a
652 3469 805 3523 Darentria
821 3468 850 3521 in
868 3468 979 3522 refutat.
999 3474 1051 3524 art.
1068 3468 1180 3522 secund.
1208 3469 1314 3524 scentia
1341 3468 1520 3523 habitualiter
1537 3468 1683 3523 inhaerens
1705 3475 1731 3522 ct
1749 3468 1831 3537 primi
1849 3469 2044 3539 concupiscen-

342 3557 503 3628 Augustan.
512 3553 638 3613 confess..
657 3554 706 3625 qui
722 3554 818 3609 itidem
837 3556 875 3608 sic
892 3554 1000 3609 scribit:
1020 3556 1085 3608 Non
1096 3571 1181 3623 prae·
1207 3556 1263 3610 tiae
1280 3562 1383 3623 motus,
1409 3555 1510 3626 quibus
1528 3570 1579 3624 per
1598 3555 1730 3625 Spiritum
1748 3556 1893 3622 resistitur,
1912 3572 1968 3609 nou
1986 3554 2043 3611 siut

342 3651 454 3712 ceptum
474 3650 515 3694 est
532 3643 624 3709 carni,
649 3658 699 3694 nec
718 3642 830 3694 unimus
848 3642 1014 3709 censitione,
1033 3644 1086 3695 sed
1102 3641 1181 3694 intel·
1209 3642 1329 3696 actualia
1345 3642 1472 3696 mortalia
1488 3647 1615 3712 peccata,
1633 3648 1726 3695 tumen
1744 3640 1843 3695 inscite
1861 3658 1894 3695 ex
1910 3657 1943 3695 eo
1959 3639 2046 3699 {nisus

342 3730 479 3783 lects'ssac:
491 3729 557 3781 Non
570 3727 774 3797 concupisces.)
795 3727 850 3782 Les
860 3727 978 3797 jesuites
991 3727 1026 3781 de
1037 3727 1182 3781 Bordeaux
1208 3736 1267 3792 tur,
1294 3729 1368 3800 quod
1387 3729 1470 3800 plane
1488 3728 1564 3782 nullo
1583 3728 1663 3783 modo
1682 3728 1737 3782 sint
1755 3734 1882 3798 peccata,
1901 3726 1954 3782 hoc
1973 3733 2046 3784 osset
2058 3715 2098 3780 *ξε

342 3834 388 3871 au.
413 3822 437 3871 2.
462 3813 621 3869 Inventuire
647 3829 670 3870 c.
699 3819 739 3869 12.
769 3814 808 3868 du
824 3813 918 3868 Peene
941 3814 1065 3885 originel.
1089 3830 1115 3883 p.
1134 3818 1181 3867 79:
1209 3833 1227 3870 a
1250 3816 1399 3887 negatione
1423 3814 1526 3885 speciei
1552 3815 1587 3868 ad
1616 3815 1790 3886 negationem
1815 3813 1925 3885 generis
1950 3829 2047 3885 procu·

343 3903 506 3957 Asserimus
516 3901 724 3971 proclivitatem
744 3903 785 3954 ad
798 3902 911 3968 malum,
929 3918 1000 3969 qrsac
1020 3902 1049 3953 in
1067 3900 1183 3968 bomine,
1210 3903 1288 3970 dere,
1309 3902 1383 3974 quod
1403 3902 1595 3974 ‹irprlicorpor3
1622 3908 1645 3957 6.
1665 3900 1801 3956 contrario
1820 3901 1902 3955 modo
1921 3900 2047 3956 Christus

342 3986 599 4061 concupiscentiam
617 3989 698 4041 illam
716 3996 742 4042 ct
760 3996 879 4041 nauscae
899 3989 997 4053 labem
1016 4006 1071 4057 pta
1088 4005 1139 4041 nos
1153 3988 1184 4040 in
1209 3990 1342 4059 procedit.
1379 3990 1421 4043 Ex
1440 3990 1519 4044 malis
1537 3987 1674 4043 fructibus
1699 3989 1733 4042 de
1752 3988 1859 4042 malitia
1875 3988 1981 4043 arboris
2001 3990 2046 4059 jn-

343 4078 450 4130 malum
463 4076 553 4146 prom
569 4092 677 4141 sumsw,
703 4092 759 4128 non
785 4091 843 4128 esse
858 4084 1020 4144 peceatum,
1040 4074 1107 4144 quin
1128 4075 1183 4127 imo
1210 4076 1359 4130 dicandum
1379 4092 1438 4130 esse
1458 4076 1546 4144 docet,
1568 4074 1823 4145 excogitationibus
1840 4074 1936 4129 aliisve
1954 4074 2046 4144 pravis

342 4166 448 4233 absorse
471 4163 597 4232 Spiritus
613 4163 706 4216 sanni
724 4163 832 4215 auxilio
855 4162 962 4215 rationi
978 4170 1003 4214 et
1021 4162 1092 4213 libro
1111 4161 1183 4214 arbi·
1210 4162 1329 4216 motibus
1347 4162 1382 4216 de
1399 4162 1489 4216 cordis
1503 4162 1639 4233 pravitate
1653 4178 1701 4214 nos
1715 4160 1861 4226 convincit,
1875 4165 1927 4214 etc.
1947 4160 2046 4215 Mattb.

342 4252 462 4304 trinita
480 4249 590 4317 sulpici
608 4257 640 4301 ut
656 4249 729 4301 nibil
741 4249 840 4317 mapis.
861 4247 962 4301 Molan.
975 4253 1054 4301 tract
1068 4253 1091 4304 t.
1104 4263 1128 4300 c.
1142 4252 1184 4301 tt.
1211 4255 1240 4312 t,
1264 4267 1289 4301 r.
1310 4254 1349 4302 tt.
1369 4264 1391 4303 c.
1413 4254 1456 4309 15,
1478 4266 1503 4301 v.
1526 4253 1563 4302 ts.
1583 4246 1651 4300 Luc.
1671 4252 1698 4309 6,
1723 4264 1749 4302 r.
1769 4252 1810 4300 43.
1830 4252 1897 4314 etc.;
1928 4253 1951 4300 7.
1970 4246 2046 4316 quid,

343 4336 432 4390 concl
453 4342 483 4390 t:
513 4336 625 4389 Multae
647 4335 830 4403 cogitationes
847 4342 946 4387 contra
960 4334 1048 4402 fidem
1067 4340 1094 4385 et
1115 4334 1184 4386 ima·
1210 4334 1285 4406 quod
1303 4335 1365 4405 ipsa
1378 4334 1500 4388 actualis
1517 4332 1644 4387 mortalis
1655 4334 1770 4401 peccata
1785 4337 1850 4384 suut
1863 4331 1917 4385 sibi
1928 4331 2048 4386 invicem

345 4423 505 4490 finctiones
528 4421 657 4490 impurae
680 4438 735 4473 non
756 4427 821 4473 sunt
839 4428 959 4489 peccata
978 4418 1085 4485 (eodem
1103 4419 1184 4473 modo
1210 4436 1318 4489 causae,
1338 4438 1389 4476 nec
1406 4426 1499 4476 tamen
1518 4419 1640 4474 actualia
1660 4418 1787 4472 mortalia
1806 4418 1835 4471 in
1853 4434 1883 4471 sc
1905 4424 1933 4472 et
1950 4434 1999 4487 per
2016 4433 2047 4472 sc

345 4509 477 4564 Bellnrm.
498 4514 522 4562 5.
547 4507 580 4561 de
606 4507 698 4561 aurias.
720 4512 792 4578 grat.
814 4524 842 4561 c.
860 4513 883 4560 t.
912 4506 963 4561 col.
983 4513 1044 4561 374:
1068 4524 1123 4559 non
1146 4514 1185 4557 cst
1212 4508 1423 4563 essedesinunt.
1441 4506 1510 4577 Eph.
1528 4504 2048 4571 5,v.18:enoinotvclebrietatelest
2137 4536 2139 4540 <

344 4597 407 4648 ceri
416 4593 541 4649 nominis
548 4600 694 4661 peccatum
706 4593 770 4660 ipsa
782 4593 909 4645 titillatio
923 4600 948 4644 et
962 4592 1088 4646 incitatio
1101 4592 1185 4644 etiam
1211 4593 1323 4651 sicoris,
1342 4594 1427 4648 nihilo
1439 4600 1532 4647 tamen
1551 4592 1643 4645 minue
1655 4597 1683 4645 et
1694 4591 1812 4646 ebrietas
1824 4595 1853 4644 et
1866 4589 1971 4643 ἀσωτία
1983 4597 2049 4646 sunt

345 4701 405 4735 cnm
433 4680 618 4735 delectatione
638 4680 801 4747 conjuncta,
827 4680 885 4731 nist
906 4680 1002 4748 alipio
1020 4681 1103 4732 modo
1122 4697 1184 4732 con·
1211 4681 1331 4734 actualia
1354 4680 1481 4734 mortalia
1505 4683 1633 4749 peccata,
1660 4683 1763 4749 quanto
1784 4676 1874 4730 minus
1894 4676 1934 4730 ita
1952 4675 2048 4731 licebit

345 4787 457 4822 sensum
474 4766 575 4820 mentis
593 4766 739 4834 obtineat.)
766 4765 808 4817 Ex
829 4765 930 4835 quibus
949 4771 1072 4835 apparet,
1091 4764 1184 4817 Ponti·
1196 4763 1199 4794 ¹
1211 4766 1355 4838 colligere:
1375 4763 1605 4834 Concupiscentia
1618 4763 1776 4833 concipiens
1790 4769 1818 4816 ct
1829 4762 1939 4831 pariens
1951 4776 2047 4831 pecca·

345 4855 423 4910 ficios
441 4871 497 4908 non
515 4852 603 4908 solum
621 4852 873 4923 concupiscentiam
897 4850 1075 4905 habitualiter
1091 4850 1184 4904 inhae—
1196 4814 1199 4912 l
1210 4858 1269 4905 tum
1293 4833 1400 4905 actuale
1420 4851 1535 4905 mortale
1551 4849 1665 4921 profert.
1701 4849 1776 4920 Ergo
1794 4849 1856 4917 ipsa
1870 4847 1947 4900 nullo
1965 4847 2047 4901 modo

346 4950 460 5010 rentem,
480 4939 533 4995 hoc
544 4947 596 5009 cst,
613 4939 704 5009 ipsum
717 4938 851 5009 originale
866 4943 1017 5008 peccatum,
1037 4937 1086 4989 ssd
1101 4936 1184 4989 etism
1196 4917 1199 4983 l
1211 4944 1253 4992 est
1271 4944 1432 5009 peccatum,
1453 4943 1476 4994 8.
1487 4937 1639 5008 Augustini
1653 4935 1750 5006 Cyrilli
1763 4941 1791 4988 et
1805 4934 1899 4989 Bcdae
1911 4950 2047 4988 commen-

347 5030 451 5100 primos
468 5025 708 5097 concupiscentiae
727 5028 819 5078 motus
836 5024 864 5077 in
888 5022 990 5077 renatis
1009 5038 1065 5075 non
1083 5021 1185 5076 babere
1196 4997 1199 5055 l
1210 5024 1329 5078 tationes
1347 5024 1374 5077 in
1394 5023 1468 5078 hunc
1482 5023 1573 5078 locum
1591 5022 1671 5077 nobis
1693 5039 1747 5076 non
1766 5020 1956 5087 adversantur,
1974 5035 2046 5074 asse·

350 5134 399 5187 pro
418 5120 536 5186 peccato
553 5111 664 5184 proprie
683 5112 722 5165 sie
740 5110 827 5178 dicto,
846 5108 974 5162 nimirum
993 5115 1025 5162 ut
1042 5107 1185 5178 perfectio·
1210 5118 1288 5179 runt,
1316 5110 1565 5180 concupiscentiam
1584 5124 1681 5180 parere
1699 5113 1858 5178 peccatum,
1886 5122 1966 5160 omne
1983 5121 2047 5175 pec·

348 5220 420 5271 nem,
439 5201 565 5255 meritum
584 5205 613 5254 ct
629 5197 899 5269 supererogationem
920 5195 1053 5250 bonorum
1072 5212 1185 5266 operum
1210 5203 1303 5251 catum
1327 5196 1429 5250 habere
1451 5196 1622 5267 voluptatem
1641 5194 1779 5265 quandam
1802 5193 1958 5263 praeviam,
1982 5207 2046 5245 con·

348 5306 440 5345 coram
457 5289 511 5343 Dei
530 5286 637 5356 judicio
657 5285 779 5339 stabilire
797 5284 913 5354 possint.
1210 5282 1420 5353 cupiscenticm,
1450 5283 1496 5336 cui
1520 5283 1670 5344 resistitur,
1700 5296 1797 5351 parere
1815 5296 1944 5333 coronam
1964 5278 2046 5345 vitae,

271 5412 282 5422 ·
384 5383 423 5431 tt.
460 5373 645 5429 Bellarminus
671 5371 718 5425 lib.
745 5379 767 5426 5.
797 5371 832 5424 dc
858 5370 949 5423 amiss.
975 5375 1045 5440 grat.
1070 5374 1099 5423 et
1121 5373 1183 5422 stat.
1211 5369 1285 5441 quod
1310 5385 1390 5422 nemo
1420 5376 1543 5423 nostrum
1579 5372 1675 5439 nogat,
1710 5366 1775 5419 inde
1804 5372 1898 5419 tamen
1924 5366 2046 5420 nondum

257 5459 262 5483 ¹
306 5454 331 5524 ,¹
349 5480 426 5535 pecc.
451 5479 474 5516 c.
496 5468 519 5516 5.
545 5469 666 5515 nostram
689 5457 811 5513 reterens
833 5456 996 5511 sententiam
1015 5472 1064 5525 per
1082 5455 1184 5508 calum-
1211 5455 1355 5523 evincitur,
1373 5454 1623 5527 concupiscentiam
1643 5469 1694 5506 sua
1711 5459 1812 5507 natura
1829 5459 1974 5522 peccatum
1991 5469 2047 5506 non

348 5549 422 5604 niam
446 5547 546 5602 tribuit
563 5544 739 5609 Chemnicio,
766 5546 842 5614 quod
864 5550 987 5606 statuat,
1015 5560 1071 5594 non
1094 5542 1184 5596 solum
1210 5559 1276 5597 csse.
1619 5555 1623 5559 “

349 5633 616 5704 concupiscentiam,
643 5633 696 5684 scd
724 5632 817 5700 ipsam
845 5630 927 5682 ctiam
955 5629 1055 5681 molem
1082 5627 1199 5695 earnm.
1246 5633 1287 5683 ts.
1326 5634 1348 5683 2.
1383 5626 1462 5681 Rom.
1489 5632 1518 5692 7,
1543 5642 1568 5678 v.
1596 5630 1640 5678 20:
1670 5642 1744 5677 nunc
1771 5640 1837 5693 erpo
1864 5643 1921 5678 non
1947 5640 2049 5693 operor
2060 5627 2124 5666 Rom.
2139 5625 2162 5669 t:

349 5722 476 5793 quamuis
498 5722 621 5775 nondum
643 5718 778 5782 formatis
801 5717 928 5784 arcanis,
956 5732 1014 5767 csse
1035 5731 1098 5768 ucre
1116 5731 1183 5784 pro·
1211 5715 1294 5782 illud,
1314 5715 1366 5767 seri
1385 5713 1462 5783 qttod
1478 5711 1585 5763 baldat
1602 5710 1632 5762 in
1648 5727 1691 5763 mc
1704 5719 1861 5780 peccatum.
1881 5727 1907 5764 v.
1928 5715 1971 5765 ts:
1989 5710 2048 5764 scio
2061 5678 2170 5776 §pastro

341 5811 462 5881 prisone
495 5816 650 5878 peccatum.
698 5804 921 5875 Respondemus:
960 5801 1088 5872 nuspiam
1119 5799 1187 5854 dicit
1213 5802 1293 5869 enirn,
1312 5801 1381 5871 quia
1394 5816 1448 5852 non
1461 5798 1569 5850 habitat
1587 5798 1617 5850 in
1634 5814 1685 5866 mc,
1706 5798 1757 5850 loc
1776 5806 1824 5866 est,
1843 5799 1873 5851 in
1891 5813 2048 5852 cameraco
2062 5781 2188 5884 ξὲζὲζζζξ,

347 5894 542 5966 Chemuicius,
560 5908 680 5949 musam
696 5891 773 5946 illam
789 5895 935 5962 peccatum
956 5905 1030 5952 csse,
1056 5887 1105 5943 sed
1122 5903 1185 5958 pec·
1213 5888 1324 5942 bonum
1364 5889 1443 5953 Ergo
1469 5884 1696 5955 eoncupiscentia
1714 5885 1752 5973 ¹in
1778 5900 1862 5938 carne
1887 5889 2050 5937 renatomsm
