5017 6675
485 630 546 690 210
1127 634 1130 641 ·
1175 614 1298 674 Locus
1317 614 1486 676 DECIMUS

484 781 530 833 tur
541 785 688 850 peccatum
702 777 835 850 originale
847 778 876 832 in
889 775 1052 844 infantibus,
1075 774 1123 847 qui
1134 773 1258 831 nondum
1269 772 1317 845 ba·
1349 791 1424 843 sons
1445 791 1500 847 qua
1519 774 1554 830 de
1571 792 1602 830 rs
1619 774 1661 829 sic
1678 772 1774 829 scribit
1786 772 1960 844 Augustinus
1977 769 2026 826 lib.
2046 775 2070 827 6.
2087 777 2185 826 contu

486 864 554 919 bont
573 865 690 920 rationis
708 865 808 920 usum?
828 870 867 928 (et
885 865 952 936 quid
970 864 1024 920 sibi
1038 862 1214 918 volunthaec
1228 860 1321 928 verba,
1346 861 1489 917 Julianum
1513 879 1535 917 c.
1561 866 1589 917 6:
1616 861 1725 915 tollitur
1743 859 1772 913 in
1792 860 1928 929 baptismo
1952 865 2048 912 reatus
2062 860 2184 928 peccati,

487 959 596 1023 partem
615 953 722 1007 animae
740 951 909 1020 inferiorem,
929 958 961 1006 ut
979 957 1007 1006 ct
1023 950 1203 1022 superiorem)
1225 952 1320 1019 quate·
1347 967 1403 1003 non
1432 956 1527 1002 reatus
1553 950 1615 1017 ejus
1641 947 1932 1016 (concupiscentiae),
1959 963 2013 1015 quo
2040 945 2104 1015 ipsa
2132 962 2185 999 reo

488 1057 541 1092 nus
560 1056 610 1094 suo
628 1046 704 1093 motu
717 1038 855 1108 judicium
872 1038 986 1092 rationis
1007 1037 1166 1108 praevenit,
1186 1052 1241 1090 non
1262 1050 1321 1089 esse
1348 1042 1524 1103 eretusque
1542 1035 1614 1088 enim
1634 1034 1733 1103 aliqua
1747 1050 1872 1103 persona
1892 1041 1946 1101 est,
1965 1034 2017 1086 sed
2035 1050 2090 1102 quo
2106 1050 2185 1085 reum

488 1141 619 1196 capacem
642 1122 785 1194 justitiae?
813 1139 849 1176 an
872 1140 928 1178 nou
951 1123 1092 1194 originalis
1113 1121 1240 1192 justitiae
1258 1123 1484 1193 pars,bominem
1502 1121 1680 1189 oripinaliter
1695 1120 1836 1186 faciebat,
1863 1120 1996 1172 remissus
2012 1120 2077 1186 fuit
2100 1127 2185 1188 atquo

488 1217 548 1266 erat
565 1208 751 1282 promtissima
767 1209 816 1262 illa
833 1209 970 1265 inferioris
995 1209 1081 1280 partis
1105 1224 1173 1280 erga
1200 1205 1321 1277 superio·
1349 1216 1491 1264 vacuatus.
1518 1208 1602 1264 Absit
1619 1212 1721 1274 autem,
1738 1213 1771 1261 ut
1790 1207 1913 1261 dicamus
1931 1223 1992 1261 sam
2007 1205 2186 1273 sanctificari,

487 1316 545 1354 rem
578 1297 715 1367 subjectio
742 1304 827 1367 atque
856 1296 978 1351 omnium
1006 1296 1114 1350 animm
1136 1293 1235 1348 virium
1259 1309 1321 1346 cum
1350 1312 1413 1349 cum
1433 1312 1488 1366 qua
1506 1311 1619 1350 neccsse
1636 1294 1741 1349 habent
1758 1294 1927 1365 regenerati,
1953 1292 1977 1346 si
2001 1309 2058 1347 non
2082 1291 2112 1346 in
2136 1308 2185 1345 ra·

488 1384 550 1456 legs
568 1382 767 1439 conformitas?
787 1383 892 1454 utique.
1047 1432 1051 1441 ,
1350 1400 1432 1437 cuum
1464 1383 1582 1455 gratiam
1612 1382 1666 1436 Dei
1695 1381 1883 1452 susceperint,
1917 1380 2025 1434 interno
2063 1378 2184 1450 quodam

361 1474 462 1543 raama:
525 1478 563 1526 75,
600 1477 624 1525 4,
644 1469 723 1525 Rom,
744 1474 776 1537 8,
802 1476 879 1524 r.1:
905 1469 989 1523 Nihil
1013 1466 1205 1521 damnationis
1229 1473 1270 1519 est
1292 1466 1322 1517 iu
1351 1470 1424 1525 bello
1443 1476 1576 1540 tanquam
1594 1487 1656 1524 cum
1679 1469 1759 1524 hoste
1778 1467 1934 1539 confligere.
1970 1470 1996 1520 2.
2016 1467 2126 1520 Rectus
2144 1474 2185 1519 est

361 1527 475 1618 illiti?
489 1558 538 1620 iis,
565 1557 616 1626 qm·
632 1565 696 1610 sont
712 1558 743 1610 in
763 1556 875 1611 Cluisto
893 1556 970 1610 Jcsn.
1010 1555 1063 1608 Uti
1079 1553 1223 1624 apostotos
1243 1553 1321 1619 dicit,
1350 1557 1461 1611 omnino
1480 1556 1681 1625 inseparabilis
1705 1557 1740 1609 at
1766 1562 1809 1624 eo,
1836 1557 1913 1624 qood
1935 1571 1988 1606 sao
2011 1561 2117 1607 natura
2141 1553 2185 1605 di-

363 1632 400 1721 Εἷς
413 1632 462 1729 1ιὲιιΙ
489 1645 600 1698 aiamsi
616 1643 712 1696 renati
726 1642 977 1712 concupiscentiam
994 1641 1124 1708 sentiant,
1143 1647 1234 1692 tamon
1250 1639 1323 1691 nibil
1350 1661 1433 1711 passm
1452 1651 1571 1713 amanis,
1588 1645 1775 1710 damnatione,
1792 1660 1853 1695 com
1871 1642 1907 1695 sit
1922 1642 2050 1694 meritam
2067 1656 2188 1725 poenae,

362 1710 415 1772 sun't
429 1735 452 1771 tn
488 1731 518 1784 in
540 1731 581 1783 cis
606 1746 665 1783 esse
692 1728 920 1782 condemnatione
937 1728 1059 1795 dipsium.
1098 1725 1321 1796 Respondemus:
1351 1729 1574 1801 Respondemus:
1600 1735 1692 1783 reatus
1713 1746 1768 1783 non
1786 1727 1893 1782 tollitur
1915 1743 1933 1780 a
1951 1725 2185 1797 concupiscentia,

363 1785 460 1825 cmm
489 1817 525 1872 de
544 1832 594 1870 suo
611 1814 664 1870 hoc
682 1815 761 1869 addit
779 1813 972 1881 Bellarminus,
992 1812 1066 1883 quod
1085 1811 1114 1866 in
1134 1811 1236 1866 renatis
1254 1809 1322 1863 nihil
1353 1814 1401 1869 sed
1420 1814 1457 1869 ab
1474 1814 1591 1870 homine.
1623 1814 1759 1870 Concedit
1772 1813 1966 1879 Bellarminus,
1983 1811 2075 1866 Deum
2094 1811 2186 1867 odisse

488 1901 525 1956 sit
551 1901 781 1957 condemnatione
805 1901 933 1972 dignum,
957 1899 1009 1953 hoc
1031 1904 1086 1967 est,
1111 1906 1224 1969 propter
1247 1896 1322 1967 quod
1351 1903 1602 1972 concupiscentiam
1629 1907 1658 1955 et
1682 1908 1775 1956 tamen
1802 1911 1924 1968 renatos,
1955 1898 1985 1952 in
2013 1897 2113 1969 quibus
2143 1903 2185 1953 est

485 1991 563 2061 justo
580 1987 635 2044 Dei
654 1987 778 2057 judicio,
804 1988 827 2042 si
850 1993 954 2042 remoto
979 1986 1087 2058 gratiae
1109 1983 1270 2039 umbraculo
1294 1982 1323 2036 in
1351 1990 1589 2060 concupiscentia,
1612 2006 1667 2043 non
1688 1989 1787 2044 odisse.
1823 1987 1929 2041 Eodem
1947 1984 2028 2041 modo
2046 2002 2097 2039 nos
2118 1985 2184 2039 dici-

485 2076 623 2148 judicium
642 2091 688 2130 eos
705 2091 804 2129 vocare
818 2074 892 2137 velit,
911 2072 1088 2127 condemnari
1106 2062 1227 2142 possint'
1246 2070 1322 2140 Apo·
1350 2093 1427 2144 mus,
1450 2075 1701 2145 concupiscentiam
1726 2090 1785 2129 esse
1806 2090 1865 2128 rem
1888 2089 1938 2127 sua
1956 2079 2055 2126 natura
2073 2071 2185 2125 damna·

489 2161 576 2229 stolus
596 2161 648 2215 hoc
665 2178 721 2215 non
740 2161 823 2225 dicit,
850 2161 917 2231 quia
934 2159 1067 2230 superiori
1089 2159 1180 2229 capite
1198 2158 1226 2213 iu
1246 2175 1277 2213 se
1295 2164 1324 2212 et
1352 2164 1426 2216 tione
1449 2162 1575 2232 dignam,
1602 2166 1632 2216 et
1657 2169 1752 2215 tamen
1776 2163 1886 2214 renatos
1908 2164 2021 2229 propter
2046 2174 2109 2212 eam
2129 2174 2185 2211 uon

489 2246 618 2302 omnibus
641 2246 744 2301 renatis
770 2254 915 2316 peccatum
944 2245 1035 2300 adhuc
1055 2244 1182 2299 habitare
1204 2261 1324 2314 pronun·
1352 2247 1485 2304 damnari.
1530 2247 1648 2317 Propria
1676 2247 1809 2315 adjuncta
1834 2262 1890 2299 non
1915 2250 2080 2314 separantur
2103 2259 2121 2297 a
2146 2260 2184 2310 re,

488 2334 622 2403 flaverat,
641 2333 715 2404 quod
734 2332 779 2386 hic
800 2348 855 2386 non
873 2338 972 2404 negat,
999 2332 1047 2386 sed
1066 2331 1150 2387 οἰδὲν
1169 2330 1323 2404 κατάκριμα
1351 2334 1443 2406 quoad
1463 2334 1623 2404 potentiam,
1643 2334 1714 2389 bene
1733 2339 1826 2387 tumen
1840 2332 1933 2404 quoad
1953 2336 2047 2386 aetum
2057 2337 2186 2401 respectu

488 2420 543 2475 illis
562 2419 741 2475 metuendum
759 2418 933 2489 pronuntiat,
957 2418 1010 2473 hoc
1033 2425 1090 2488 est,
1115 2424 1201 2490 negat
1224 2435 1324 2473 concu-
1352 2420 1461 2475 divinas
1479 2421 1627 2491 potentiae.
1662 2419 1708 2475 Sic
1725 2437 1791 2490 ergo
1809 2419 1862 2473 etsi
1881 2418 2105 2488 concupiscentia
2121 2424 2186 2471 actu

488 2506 653 2577 pisceutiam
673 2506 729 2560 tale
753 2510 899 2575 peccatum
925 2505 954 2559 in
980 2505 1035 2559 illis
1060 2521 1136 2572 esse,
1162 2504 1236 2576 quod
1259 2511 1324 2559 actu
1352 2523 1406 2561 non
1428 2509 1541 2561 damnet
1565 2515 1689 2574 renatos,
1716 2507 1847 2561 damnare
1864 2512 1957 2560 umen
1974 2511 2081 2575 posset,
2106 2504 2128 2557 si
2158 2504 2186 2558 in
2231 2518 2240 2541 ·

489 2609 537 2648 eos
560 2608 622 2647 reos
646 2609 679 2646 ac
705 2591 875 2646 damnationi
899 2591 1032 2648 obnoxios
1057 2591 1174 2659 reddat,
1196 2591 1324 2645 nimirum
1352 2610 1381 2647 se
1410 2599 1440 2647 et
1468 2610 1518 2663 per
1548 2610 1578 2647 se
1609 2591 1806 2647 consideratur.
1850 2592 1965 2647 Veteres
1993 2591 2039 2645 hic
2070 2596 2187 2645 utuntur

490 2679 556 2751 quia
573 2685 638 2733 sunt
658 2678 687 2732 in
705 2677 830 2743 Christo,
848 2678 900 2734 hoc
918 2685 973 2745 est,
992 2695 1043 2749 per
1061 2678 1144 2733 fidem
1162 2677 1244 2749 hujus
1262 2694 1325 2749 pec·
1352 2680 1477 2750 exemplo
1495 2679 1718 2747 Cananaeorum,
1743 2697 1860 2750 quorum
1873 2680 1975 2750 jugum
1993 2683 2021 2733 et
2040 2678 2186 2748 imperium

490 2765 546 2820 cati
565 2763 791 2822 condonationem
809 2765 966 2835 impetrant,
985 2765 1094 2836 etquis
1113 2781 1168 2819 non
1183 2762 1327 2818 ambulant
1353 2766 1508 2820 abstulerat
1518 2766 1595 2821 Deus
1612 2783 1630 2819 a
1647 2766 1800 2820 cervicibus
1812 2765 2007 2832 israelitarum,
2027 2781 2078 2820 nec
2093 2770 2186 2819 minen

492 2851 644 2907 secundum
663 2867 788 2917 samem,
809 2850 859 2904 sed
880 2851 1031 2905 secuudum
1049 2851 1186 2922 spiritum,
1205 2849 1259 2904 hoc
1278 2856 1327 2916 est,
1354 2852 1484 2922 reliquias
1500 2869 1595 2907 eorum
1613 2851 1753 2906 universas
1774 2851 1884 2921 penitus
1902 2851 2055 2919 deleverat,
2086 2850 2136 2905 sed
2160 2850 2187 2903 iu

495 2938 561 3009 quia
578 2935 820 3007 concupiscentiae
839 2937 991 2992 dominium
1011 2955 1067 2991 non
1084 2938 1260 3008 permittunt,
1278 2937 1326 2990 sed
1354 2938 1496 2993 materiam
1520 2937 1643 2992 continui
1670 2937 1793 2992 exercitii
1816 2937 1852 2992 ad
1878 2937 2053 2992 securitatem
2078 2935 2188 2990 israeli·

493 3041 554 3080 eam
571 3023 745 3089 mortificant,
764 3023 830 3078 inde
844 3030 873 3077 et
891 3023 953 3077 ideo
970 3041 1026 3078 non
1045 3024 1199 3078 redduntur
1216 3022 1328 3078 obnoxii
1355 3033 1445 3078 tarum
1463 3025 1682 3094 praecavendam
1700 3041 1746 3079 eos
1758 3023 1918 3094 superstites
1930 3023 2089 3094 reliquerat.
2102 3023 2188 3077 Bern-

492 3110 679 3173 damnatioui‚
700 3127 775 3173 ‚cum
805 3109 873 3163 alias
904 3109 1129 3187 coucupiscentia
1151 3127 1203 3164 sua
1227 3114 1328 3164 natura
1355 3111 1430 3164 hard.
1456 3126 1536 3167 serm.
1563 3110 1598 3166 de
1622 3128 1709 3166 coena
1727 3110 1852 3166 Domini:
1879 3112 1956 3164 Licet
1979 3111 2189 3164 damnationem

491 3205 638 3269 peccatum
657 3198 693 3251 sit
717 3203 745 3251 et
761 3213 812 3267 per
829 3214 1002 3268 consequens
1026 3215 1081 3251 non
1106 3198 1250 3251 remissum
1276 3213 1328 3251 nec
1355 3199 1501 3251 abstulerit
1514 3197 1648 3267 Christus,
1663 3207 1755 3252 mosen
1773 3201 1814 3251 ad
1826 3198 2189 3265 humiliandosnospecco·

492 3283 687 3339 mortificatum
712 3282 881 3339 damnationi
907 3282 1056 3337 obnoxium
1079 3281 1217 3339 bominem
1237 3283 1328 3339 facere
1355 3292 1412 3336 tum
1438 3286 1531 3339 adhuc
1554 3286 1665 3355 patitur
1688 3286 1718 3339 in
1743 3284 1822 3340 nobis
1847 3293 1873 3337 et
1894 3285 2019 3353 praviter
2040 3302 2092 3337 nos
2110 3284 2188 3353 affli-

492 3372 588 3441 possit.
619 3369 761 3426 Frivolum
780 3376 831 3438 est,
853 3372 927 3441 quod
945 3370 1131 3426 Bellarminus
1142 3370 1253 3442 regerit,
1273 3389 1328 3424 non
1354 3387 1435 3439 pere,
1459 3380 1490 3425 ut
1514 3373 1680 3440 sentiamus,
1709 3372 1779 3441 qnid
1800 3372 1896 3439 pratia
1918 3372 1997 3425 nobis
2016 3379 2144 3441 praestet
2164 3378 2189 3424 et

493 3476 564 3527 opus
579 3459 671 3523 famae
690 3459 726 3511 ab
743 3459 871 3527 apostolo
890 3460 994 3527 doceri,
1015 3459 1328 3529 quocircnatinondum
1354 3475 1462 3526 semper
1499 3460 1539 3510 ad
1577 3459 1657 3513 illius
1691 3458 1801 3526 pontiae
1835 3459 1972 3512 anmttom
2001 3475 2186 3511 comessamur.

494 3553 558 3599 uctn
576 3562 610 3597 ac
627 3561 659 3598 re
677 3545 742 3614 ipsc
755 3546 893 3613 damnati,
910 3563 973 3598 cum
986 3546 1124 3626 sententia
1137 3544 1328 3598 damnationis
1354 3547 1380 3599 3.
1398 3546 1479 3598 Deus
1496 3562 1638 3613 nranquam
1657 3546 1771 3598 remittit
1787 3554 1908 3610 reatum,
1933 3547 2000 3604 dum
2017 3553 2109 3597 manet
2127 3545 2188 3612 eine

493 3634 609 3696 feratur
635 3632 744 3684 &mum
769 3639 836 3700 post
862 3632 934 3684 banc
961 3632 1057 3686 vitam.
1103 3631 1328 3701 Respondemus:
1354 3632 1581 3697 fundumentum,
1606 3633 1673 3700 quia
1691 3632 1834 3700 judicium
1859 3632 1921 3699 circs
1944 3633 2096 3684 secundum
2116 3632 2187 3684 oeri-

495 3720 592 3792 utique
619 3720 709 3774 renati
734 3725 850 3790 propter
873 3720 1027 3774 adhaerens
1051 3728 1196 3790 peccatum
1219 3726 1327 3772 senten·
1355 3725 1444 3770 tatem.
1486 3717 1712 3788 Respondemus:
1743 3717 1972 3790 quemadmodum
2001 3724 2116 3787 peecata
2139 3716 2187 3771 im·

494 3808 563 3863 tiam
597 3805 782 3860 damnationis
814 3806 924 3877 saepius
949 3813 1078 3860 metuunt
1105 3822 1190 3877 seque
1215 3812 1328 3875 propter
1356 3804 1463 3872 piorum
1480 3810 1658 3875 praetereunt
1676 3811 1748 3870 actu,
1769 3812 1913 3858 remanent
1929 3810 2009 3857 reatu
2028 3807 2111 3870 (teste
2129 3805 2186 3858 Au·

495 3893 565 3948 illud
582 3908 643 3947 reos
663 3892 721 3946 irae
740 3891 849 3947 divinas
869 3898 898 3946 et
916 3900 1045 3947 aeternae
1062 3892 1247 3947 damnationis
1264 3909 1327 3947 con·
1355 3891 1466 3961 guatino
1488 3898 1508 3945 l.
1533 3891 1567 3945 de
1592 3897 1669 3961 nupt.
1690 3896 1719 3945 et
1735 3907 1850 3961 concup.
1871 3908 1893 3944 c.
1912 3895 1981 3951 ast,
2008 3890 2048 3943 ita
2066 3890 2188 3945 vicissim

495 3979 573 4034 stitui
599 3993 681 4049 posse
706 3982 874 4048 agnoscunt,
906 3978 1029 4050 erigendi
1055 3979 1142 4050 igitur
1170 3985 1248 4033 eraut
1275 3979 1328 4033 hac
1356 3985 1512 4036 renatorum
1542 3985 1657 4047 peccata
1682 3984 1828 4032 transeunt
1853 3985 1944 4044 reatu,
1974 3982 2040 4031 actu
2064 3984 2187 4034 manent.

496 4064 700 4130 consolatione,
731 4064 806 4135 quod
834 4082 889 4118 non
917 4064 973 4118 siut
998 4064 1106 4118 venturi
1132 4064 1161 4118 in
1184 4064 1329 4133 judicium.
1358 4063 1427 4117 Cum
1439 4063 1542 4117 Davidi
1559 4069 1650 4118 reatus
1669 4064 1796 4118 adulterii
1813 4064 2004 4130 dimitteretur,
2023 4063 2190 4133 ipsetamen

499 4151 554 4214 Qui
576 4168 633 4204 non
657 4152 761 4216 credit,
779 4150 846 4218 jam
862 4151 1013 4218 judicatus
1038 4158 1092 4217 est,
1121 4149 1189 4203 dicit
1206 4150 1330 4205 Christus
1356 4159 1435 4204 actus
1468 4167 1522 4204 non
1552 4150 1742 4220 auferebatur:
1771 4158 1881 4222 pugnat
1905 4167 1968 4204 cum
1994 4150 2111 4205 veritate
2137 4150 2191 4205 Dei

497 4238 562 4295 tot.
580 4243 610 4305 3,
628 4254 654 4289 v.
675 4243 721 4304 ts,
741 4237 927 4291 manifestatio
952 4236 1061 4291 interim
1083 4241 1205 4291 exmemo
1225 4237 1331 4307 judicio
1357 4237 1464 4292 factum
1481 4255 1536 4291 non
1555 4254 1621 4301 esse,
1640 4239 1712 4307 quod
1735 4255 1799 4292 vere
1816 4237 1921 4292 sactum
1938 4246 1989 4293 est,
2026 4241 2050 4290 t.
2069 4238 2192 4307 Aposto-

498 4330 669 4391 reservatur:
694 4323 790 4379 eodem
814 4324 895 4377 modo
919 4340 964 4377 res
991 4338 1020 4376 se
1038 4321 1122 4378 habet
1140 4340 1204 4377 cum
1220 4323 1332 4386 renatis,
1359 4325 1403 4377 los
1422 4326 1494 4377 banc
1513 4342 1592 4376 sicam
1615 4325 1817 4378 conclusionem
1843 4326 1956 4378 dediscit
1984 4341 2016 4377 es
2038 4326 2193 4393 asperiori·

498 4411 599 4466 inillis
618 4409 701 4464 οὐδὲν
718 4407 883 4481 κατάκριμα,
903 4409 932 4462 id
952 4407 1025 4480 quod
1042 4408 1140 4462 ultimo
1157 4409 1268 4462 demum
1287 4408 1332 4463 die
1360 4412 1417 4477 bras,
1436 4412 1466 4463 in
1484 4411 1583 4479 quibus
1602 4412 1725 4473 simeron,
1752 4419 1841 4464 motas
1869 4411 2111 4479 concupiscentiae
2136 4428 2193 4464 non

497 4495 727 4551 manifestabitur.
762 4495 875 4550 Maneat
893 4512 959 4566 ergo
976 4493 1085 4548 firmum
1107 4492 1208 4562 fixum,
1235 4496 1264 4548 in
1291 4513 1331 4550 re·
1359 4513 1417 4549 csse
1435 4496 1615 4563 uoluntarios,
1634 4513 1683 4549 nec
1697 4505 1826 4565 peccota.
1861 4496 2085 4566 Respondemus:
2102 4504 2194 4569 posts-

498 4582 569 4638 natis
598 4581 667 4635 nibil
697 4582 881 4636 damnationis
911 4598 970 4637 esse
1004 4582 1041 4636 ob
1071 4582 1332 4651 concupiscentiam,
1359 4584 1417 4637 rins
1436 4583 1564 4654 nuspiam
1583 4583 1665 4650 dixit,
1689 4583 1738 4636 scd
1763 4583 1829 4653 quia
1853 4582 1880 4636 iu
1897 4582 1995 4637 ultimo
2012 4600 2094 4637 versu
2114 4601 2210 4655 prae·-

497 4672 578 4742 cujus
597 4667 717 4722 motibus
735 4674 905 4738 repugnant,
925 4686 980 4722 non
998 4668 1073 4739 quod
1091 4684 1143 4722 sua
1160 4676 1261 4722 natura
1277 4684 1333 4721 non
1361 4670 1484 4725 cedentis
1513 4668 1605 4739 capite
1631 4670 1751 4724 dixerat.
1777 4677 1887 4723 renatos
1913 4685 1963 4740 per
1991 4669 2045 4723 Dei
2074 4672 2195 4741 gratiam

453 4749 455 4754 ’
497 4758 534 4811 sit
553 4763 699 4827 peccatum
719 4744 897 4808 damnatione
916 4753 1043 4824 dignum,
1068 4754 1116 4807 sed
1136 4754 1333 4824 quiapropter
1360 4757 1388 4810 in
1407 4755 1517 4811 Christo
1538 4755 1686 4824 impetrata
1710 4763 1886 4824 peccatorum
1907 4756 2067 4811 remissione
2090 4763 2120 4811 et
2143 4772 2196 4826 per

498 4842 638 4917 Christum
668 4845 761 4893 reatsu
789 4840 849 4909 ejus
875 4839 1029 4893 dimittitur.
1071 4839 1255 4894 Bellarminus'
1280 4839 1332 4894 hoc
1360 4842 1492 4913 Spiritum
1524 4848 1701 4912 regeneratos
1731 4858 1764 4896 ac
1795 4849 1940 4897 renovatos
1975 4860 2059 4898 carne
2084 4848 2196 4897 tantum

500 4930 648 4998 impugnat
664 4925 758 4978 multis
776 4925 883 4980 modis..
910 4929 934 4979 1.
955 4927 1062 4980 Rectus
1082 4935 1121 4980 est
1143 4928 1254 4995 pcccati
1265 4928 1332 4992 for·
1360 4930 1463 4984 servire
1482 4929 1590 4998 peccati
1608 4930 1679 5000 logi,
1703 4947 1758 4983 non
1775 4936 1867 4984 autem
1892 4937 1997 4994 mente,
2023 4929 2087 4984 ideo
2106 4930 2197 4997 addit,

413 5026 440 5069 v,
452 5024 486 5067 st.
500 5016 580 5082 mole,
599 5013 709 5067 sublato
722 5028 788 5079 erpo
801 5012 830 5063 in
843 5013 980 5080 baptismo
993 5014 1231 5083 concupiscentiae
1244 5022 1334 5077 reatu,
1361 5016 1429 5070 nihil
1448 5016 1682 5070 condemnationis
1702 5016 1757 5086 (vel
1774 5024 1806 5070 ut
1825 5016 1935 5071 Graeca
1954 5016 2071 5084 habent,
2089 5015 2198 5071 nullam

500 5103 592 5169 istique
620 5098 846 5167 concupiscentia
874 5099 976 5151 desinit
1002 5117 1060 5153 csse
1086 5108 1236 5168 peccatum.
1281 5100 1333 5154 Re·
1361 5103 1629 5164 condemnationem)
1650 5104 1704 5156 illis
1722 5121 1796 5171 esse,
1816 5104 1890 5174 quod
1910 5102 2011 5174 probat
2027 5103 2127 5157 iterum
2145 5103 2198 5157 du-

500 5188 680 5257 spondemus:
706 5186 807 5241 Forma
824 5186 936 5255 proprie
954 5186 1029 5241 dicta
1047 5187 1289 5257 concupiscentiae
1307 5194 1335 5241 et
1360 5189 1481 5260 pliciter:
1505 5196 1526 5243 1.
1545 5190 1610 5260 quia
1629 5195 1693 5242 sunt
1713 5188 1868 5258 inChristo‚
1889 5190 2017 5244 videlieet
2035 5208 2087 5260 per
2102 5189 2199 5246 tidem.

501 5273 588 5326 omnis
604 5273 712 5342 peccati
730 5279 774 5328 est
792 5270 807 5333 ἡ
825 5272 944 5347 ἀνομία,
971 5273 1087 5328 deflexio
1105 5290 1123 5326 a
1141 5292 1238 5328 norma
1254 5274 1334 5345 legis.
1362 5283 1384 5330 2.
1405 5275 1545 5346 quianon
1563 5276 1706 5330 ambulant
1724 5278 1877 5331 secundnm
1895 5293 2013 5344 caruem,
2031 5277 2080 5332 sed
2098 5294 2198 5332 secun·

502 5359 620 5424 Quando
649 5358 796 5431 Philippus
819 5366 855 5424 ,et
881 5361 929 5416 alii
958 5360 1073 5415 formale
1102 5360 1210 5430 peccati
1237 5360 1426 5416 dicuut·dum
1444 5362 1586 5432 Spiritum.
1638 5380 1641 5392 ’

501 5462 561 5500 esse
587 5451 707 5514 reatum,
737 5463 792 5501 non
819 5446 960 5516 accipiunt
986 5446 1102 5501 formam
1126 5446 1258 5517 ἀκριβῶς,
1285 5407 1349 5526 sedi
1397 5456 1437 5504 76.
1471 5454 1494 5502 t.
1513 5449 1664 5518 Scriptura
1677 5452 1764 5518 docet,
1776 5467 1831 5519 per
1845 5450 2010 5520 baptismum
2020 5445 2254 5536 ficrtsaamffgj

502 5533 652 5604 loquuntur
671 5533 705 5586 de
725 5538 852 5602 peccato,
880 5542 912 5588 ut
931 5534 1123 5589 consideratur
1144 5534 1172 5588 in
1191 5534 1334 5604 praedica·
1361 5544 1538 5603 peccatorum
1555 5536 1753 5599 remissionom,
1773 5537 1813 5589 sto
1831 5545 1860 5588 ut
1879 5555 1935 5590 non
1951 5537 2041 5590 solnm
2060 5540 2200 5593 condone-
2213 5549 2254 5588 tes

501 5629 594 5679 mento
611 5619 761 5675 relationis.
798 5619 903 5675 Restm
927 5622 1036 5692 proprie
1061 5621 1199 5693 loquendo
1217 5639 1272 5675 non
1292 5626 1407 5694 estltuc
1425 5624 1546 5675 :letitiam
1561 5640 1683 5690 poenae,
1709 5626 1760 5676 secl
1783 5624 1866 5676 etiam
1888 5625 2017 5678 maculae
2036 5626 2200 5697 minantur,
2213 5604 2254 5703 {¹:ss

500 5707 596 5776 ionas,
614 5706 663 5761 sed
682 5705 823 5775 proprium
843 5723 1014 5779 consequens
1031 5707 1148 5778 peccati,
1164 5712 1196 5760 ut
1215 5707 1243 5760 in
1256 5724 1334 5776 prae-
1347 5699 1349 5748 Ι
1359 5717 1523 5777 pnrpentur,
1544 5710 1703 5778 doleantur,
1731 5710 1876 5763 tollantur.
1912 5709 2136 5781 Respondemus:
2164 5713 2200 5769 de

503 5795 657 5849 dicamento
676 5790 818 5862 qualitatis
838 5793 1035 5849 consideratur.
1071 5794 1162 5861 Adde,
1183 5794 1259 5865 quod
1276 5777 1414 5856 rea-lhoc
1441 5803 1603 5867 argumento
1629 5796 1658 5850 in
1683 5800 1804 5849 nasuta
1828 5795 1864 5850 de
1885 5795 2023 5866 baptismo
2047 5797 2201 5854 dicendum

501 5889 619 5938 menon
639 5878 753 5935 tollatur
771 5877 808 5934 ab
826 5878 888 5948 ipsa
907 5880 1145 5952 concupiscentia,
1171 5881 1257 5935 seda
1275 5861 1421 5950 per-ierit,
1437 5881 1491 5936 hac
1508 5881 1570 5937 rice
1589 5881 1711 5936 breviter
1730 5882 1939 5953 respondemus.
1974 5884 2142 5952 Baptismus
2162 5897 2204 5940 est
