5017 6675
515 594 556 652 1ο
592 631 594 633 >
1221 587 1345 646 Locus
1369 543 1515 648 1111111

518 740 612 809 minis,
640 741 690 794 sed
712 741 806 796 omnia
825 741 910 795 corda
929 745 1070 795 scrutatur
1091 747 1121 795 11
1138 759 1219 796 omne
1237 742 1352 815 figmen-
1383 743 1484 798 1011.
1505 741 1734 798 12111111111111
1761 743 1837 796 Idea
1854 750 1894 795 est
1911 742 2052 809 capenum
2069 741 2217 810 quoddmn

517 833 576 880 tum
614 826 814 899 cogitationum
845 826 975 897 intelligit
1015 833 1036 881 1.
1065 828 1157 882 Paral.
1189 834 1236 897 28,
1271 847 1296 881 v.
1328 835 1353 884 9.
1379 831 1521 898 exemplar
1544 848 1564 882 a
1579 829 1723 898 principio
1743 829 1834 882 actim
1851 827 2047 896 intellectuali,
2074 828 2118 880 ad
2137 828 2216 896 quod

517 911 592 975 Quin
612 913 667 966 imo
687 913 866 984 cogitationes
889 912 1031 967 hominum
1061 914 1185 968 11111111
1210 914 1352 985 prospicit,
1380 917 1498 968 activum
1519 915 1688 984 adspiciens,
1703 922 1794 984 potest
1808 915 1921 981 aliquid
1934 914 2216 967 inceserealiratio-

517 1015 602 1068 quam
626 999 706 1053 homo
725 1000 798 1068 ipsc,
826 1000 891 1070 quia
915 1001 1108 1052 abscunditum
1131 1009 1256 1054 nostrum
1271 1002 1353 1070 ponit
1380 1003 1512 1054 nobiliter
1535 1004 1700 1071 producere.
1736 999 1842 1055 Seneca
1860 999 1948 1070 Epist
1968 1004 2014 1055 ὅθι
2042 1002 2133 1053 [deae
2151 1008 2216 1052 eunt

516 1087 547 1137 in
567 1085 671 1138 lumine
689 1087 780 1138 1111111
799 1087 853 1154 sui,
869 1085 944 1142 Psal.
957 1092 998 1153 90,
1017 1104 1040 1141 u.
1055 1091 1079 1142 8.
1098 1106 1220 1155 prauum
1237 1105 1286 1141 cor
1304 1088 1353 1140 lm-
1380 1089 1409 1139 in
1428 1096 1515 1139 mente
1532 1088 1629 1139 divina
1647 1086 1760 1139 stabiles
1780 1094 1805 1139 et
1818 1095 1955 1154 aeternae,
1975 1094 2002 1138 et
2013 1095 2077 1140 sunt
2089 1087 2216 1139 rationes

517 1172 601 1223 ruinis
621 1183 648 1240 11
665 1173 862 1240 inscrutabile,
881 1173 949 1242 quie
964 1181 1109 1241 coprsoscet
1129 1175 1224 1226 illudi
1241 1173 1298 1228 Jer.
1314 1178 1353 1241 17,
1379 1191 1428 1226 seu
1448 1174 1628 1241 exemplaria,
1647 1174 1688 1225 ad
1702 1189 1774 1242 quae
1786 1173 1947 1240 adspiciens
1962 1173 2057 1225 omnia
2067 1172 2215 1240 producit,

517 1274 543 1310 v.
561 1263 585 1325 9,
604 1258 654 1310 scd
669 1258 762 1311 statim
775 1262 914 1330 sequitur:
934 1261 999 1328 Epo
1013 1260 1141 1312 Jcloean
1154 1267 1283 1312 1111111111
1297 1275 1354 1325 cor,
1380 1276 1450 1328 pesae
1465 1259 1617 1328 producit.¹

515 1344 641 1412 probans
660 1359 747 1397 renes.
1015 1354 1017 1363 '
1415 1352 1454 1400 25.
1492 1345 1566 1408 Quid
1590 1361 1656 1416 ergo
1680 1343 1715 1397 de
1739 1342 1809 1398 ideis
1833 1342 2032 1397 statuendum?
2050 1342 2135 1413 Reep.
2156 1345 2215 1396 Au·

555 1434 595 1483 22.
639 1429 683 1482 De
709 1430 792 1483 modo
820 1436 849 1484 11
876 1429 993 1500 objectis
1020 1431 1129 1484 divinae
1154 1430 1353 1500 praescientiae
1379 1437 1453 1500 guet.
1471 1430 1532 1485 loco
1551 1430 1639 1484 dicto:
1660 1430 1728 1492 eris
1746 1446 1813 1482 vera
1831 1429 2098 1496 relipioneimbutus
2110 1446 2215 1496 nepare

518 1514 593 1568 varie
624 1514 770 1584 disputant
800 1513 972 1573 Scholastici.
1020 1516 1177 1581 Quaerunt,
1207 1534 1245 1568 an
1273 1519 1352 1569 Deus
1379 1519 1497 1579 audeat,
1525 1517 1580 1569 imo
1611 1535 1666 1569 non
1693 1515 1777 1568 etiam
1799 1516 1982 1583 profiteatur,
2011 1515 2106 1578 opinio
2132 1532 2214 1584 peae-

451 1638 465 1647 .
518 1601 613 1653 omniu
638 1601 700 1652 alia
727 1609 807 1653 cetra
825 1618 854 1653 sc
872 1603 1001 1654 destincte
1018 1604 1187 1670 eoqnoscati
1211 1601 1261 1655 ubi
1278 1607 1353 1655 recte
1379 1620 1485 1670 meoque
1502 1610 1577 1670 aurit,
1596 1604 1629 1654 id
1648 1611 1702 1670 est,
1721 1618 1897 1670 quaecunque
1915 1601 1944 1653 in
1963 1618 2013 1652 suo
2032 1617 2134 1667 penore
2146 1619 2216 1670 pro·

516 1686 686 1755 respondent
705 1685 870 1740 affirmative
891 1694 919 1740 et
932 1688 1096 1757 impugnant
1108 1686 1286 1755 Averrhoem,
1305 1686 1353 1757 qui
1376 1690 1445 1756 pria
1463 1691 1588 1756 quadam
1605 1697 1709 1742 natura
1730 1688 1919 1750 continentur,
1945 1694 1974 1739 ut
1994 1688 2063 1755 sint,
2083 1689 2149 1740 Deo
2167 1705 2215 1740 au·

517 1771 563 1826 lib.
585 1777 623 1826 12.
650 1771 755 1827 Comm.
774 1772 893 1842 metaph.
922 1772 951 1825 id
969 1779 1129 1845 negaverat
1162 1772 1261 1826 Thom.
1281 1790 1307 1842 p.
1330 1778 1351 1827 l.
1380 1782 1454 1828 ctore
1483 1791 1541 1827 esee
1565 1782 1736 1843 procreato,
1769 1791 1854 1842 eoque
1879 1780 1993 1826 auctore
2018 1775 2113 1826 omnia
2143 1790 2216 1843 quae

517 1877 544 1928 q.
571 1867 609 1913 11.
633 1864 685 1912 art.
703 1865 731 1911 5:
754 1860 835 1910 Dens
851 1860 981 1925 perfecte
998 1875 1027 1911 ee
1047 1859 1140 1927 ipsum
1156 1859 1303 1926 intellipit,
1327 1858 1353 1910 ei
1378 1859 1471 1912 uiuunt
1488 1860 1580 1912 vivere
1598 1869 1681 1928 atque
1693 1858 1879 1912 universalem
1890 1875 1984 1911 rerum
1997 1859 2216 1913 incolumitatem

516 1952 609 1997 auum
636 1945 764 2012 perfecte
792 1944 906 2012 aliquid
940 1946 1128 2012 comouritur,
1167 1960 1275 1998 11111111
1304 1951 1352 2012 est,
1379 1946 1688 2015 ordinemquerpsum,
1715 1963 1769 2014 quo
1796 1963 1842 2013 ea,
1870 1962 1940 2013 quae
1963 1952 2122 2009 mutantur,
2148 1962 2215 1998 euos

518 2032 595 2099 quod
620 2031 708 2082 cirtae
734 2032 796 2098 ejus
815 2032 943 2098 perfecte
962 2037 1159 2098 coqnoecutur,
1182 2031 1271 2083 oirtus
1285 2045 1350 2099 pcr-
1378 2020 1546 2099 temporales
1583 2048 1680 2082 cursile
1715 2037 1790 2083 certo
1834 2030 2024 2084 moderamine
2064 2031 2214 2099 1111111111,

509 2119 588 2185 fecte
607 2135 663 2169 non
680 2117 864 2183 copuoecitnr,
884 2116 1209 2183 nisicopnoscenturea,
1226 2119 1268 2170 asi
1281 2133 1351 2185 qnae
1377 2117 1480 2169 summi
1506 2117 1565 2169 Dei
1593 2116 1698 2184 lepibus
1725 2117 1865 2169 contineri
1890 2125 1915 2170 et
1941 2117 2102 2184 palernari.
2152 2116 2213 2179 Quo

515 2203 605 2255 virtus
624 2220 654 2255 se
671 2204 809 2264 mtendit,
830 2202 889 2253 Dei
908 2210 1000 2254 autem
1018 2202 1106 2253 oirtres
1124 2203 1245 2255 extendit
1263 2221 1293 2256 se
1311 2204 1352 2255 ad
1378 2203 1526 2255 constituto
1544 2209 1627 2271 atque
1645 2219 1773 2255 conceeso
1792 2203 1854 2271 quie
1872 2205 1977 2256 audeat
1996 2204 2098 2272 dicere,
2119 2205 2214 2257 Deum

516 2290 628 2340 omnia:
658 2289 738 2341 Dens
763 2304 793 2338 se
821 2288 912 2354 ipsum
937 2288 1012 2340 videt
1036 2288 1067 2339 in
1089 2304 1118 2340 se
1134 2288 1211 2357 ipso,
1237 2289 1305 2355 quia
1322 2304 1351 2341 ee
1378 2287 1613 2341 irrationabiliter
1639 2289 1733 2341 omnia
1761 2288 1942 2341 condidisse!
1970 2289 2052 2351 Quod
2081 2290 2109 2342 ei
2136 2297 2210 2342 recte

516 2375 608 2442 ipsum
636 2374 711 2426 uidet
732 2391 787 2442 per
811 2373 958 2425 essentium
984 2383 1078 2439 11111,
1103 2373 1165 2427 alia
1190 2392 1209 2426 a
1228 2392 1258 2427 se
1275 2376 1351 2427 videt
1378 2373 1438 2425 dici
1457 2381 1506 2426 ont
1528 2373 1610 2426 credi
1625 2391 1681 2426 non
1694 2380 1801 2442 potest,
1819 2381 1920 2438 restat,
1938 2381 1968 2426 ut
1986 2376 2081 2428 omnia
2099 2375 2212 2428 ratione

516 2477 573 2512 non
591 2460 621 2510 in
639 2459 725 2527 111111,
745 2460 798 2511 sed
814 2459 938 2527 inipso,
958 2459 988 2510 in
1008 2467 1140 2527 qrcmaum
1158 2460 1279 2512 arentia
1298 2478 1351 2512 sua
1376 2458 1431 2511 sint
1455 2459 1582 2525 condita,
1605 2475 1654 2511 nec
1677 2460 1774 2511 eadem
1793 2460 1903 2513 ratione
1921 2460 2015 2529 borno,
2040 2479 2097 2531 qua
2116 2478 2212 2530 equus,

516 2546 637 2598 continet
665 2545 879 2598 similitudinem
904 2537 1091 2598 aliorum'ab
1117 2547 1188 2614 apso.
1231 2546 1306 2602 Bielt
1328 2553 1350 2600 1.
1377 2545 1427 2597 boc
1455 2545 1526 2597 enim
1552 2545 1705 2597 absurdum
1729 2553 1768 2598 cst
1793 2547 1963 2609 existimare,
1988 2547 2101 2614 sinpula
2126 2547 2214 2614 ipitur

516 2637 586 2684 sent.
612 2629 675 2684 diet
703 2636 744 2685 35.
772 2647 797 2701 q.
822 2636 850 2685 2:
880 2632 975 2685 Causa
997 2632 1124 2698 efficiens
1149 2639 1175 2683 et
1192 2632 1291 2685 totalis
1310 2638 1351 2684 est
1373 2631 1502 2698 propriis
1518 2639 1614 2683 creata
1632 2639 1695 2683 sunt
1714 2632 1885 2698 rationibus,
1903 2633 1954 2685 bas
1972 2640 2064 2685 autem
2084 2633 2212 2696 rationes

515 2717 754 2784 repraesentativa
779 2716 826 2769 sui
848 2719 972 2786 effeetus,
998 2734 1077 2785 prem
1103 2719 1225 2770 continet
1244 2718 1351 2771 uinua-
1376 2716 1424 2767 ubi
1446 2717 1641 2768 arbitrandum
1658 2724 1697 2770 eet
1715 2735 1774 2770 esse
1794 2719 1851 2770 nisi
1868 2719 1898 2770 in
1915 2727 2004 2771 mente
2021 2719 2084 2787 ipsa
2103 2728 2211 2773 creato-

516 2804 593 2872 liter,
621 2806 702 2857 Deus
722 2805 848 2873 perfecte
870 2804 1012 2871 copnoecit
1034 2821 1064 2856 se
1087 2804 1186 2872 ipsum.
1222 2805 1302 2872 Erpa
1319 2805 1350 2857 in
1376 2804 1437 2855 ris!
1465 2820 1521 2855 non
1545 2804 1617 2856 enim
1642 2811 1719 2856 11111
1743 2821 1772 2857 11
1802 2806 1949 2872 quicquam
1974 2806 2100 2873 positum
2123 2807 2212 2859 intue-

515 2907 545 2942 ee
564 2891 627 2959 ipso
646 2892 787 2958 copnoecit
808 2891 912 2946 omnia.
1377 2889 1469 2956 batur,
1489 2897 1518 2941 ut
1537 2890 1686 2942 secundum
1704 2891 1738 2943 id
1753 2892 1944 2958 constitueret,
1968 2894 2046 2960 quod
2066 2894 2212 2945 constitue·

552 2982 592 3031 23.
637 2976 821 3030 monoculae
848 2976 997 3030 Averrhoie
1028 2976 1105 3030 sacili
1135 2976 1260 3047 negotio,
1281 2977 1350 3032 solvi
1377 2974 1437 3026 bat:
1474 2976 1552 3043 quod
1586 2975 1612 3027 si
1646 2975 1699 3028 boe
1734 2993 1828 3029 rerum
1867 2977 1989 3029 omnium
2021 2981 2212 3032 meandcrum

410 3080 443 3122 iv,
457 3079 489 3122 11
515 3067 640 3132 possunt,
660 3063 684 3115 si
704 3063 875 3130 observetur,
893 3062 984 3116 Deum
1003 3062 1087 3133 louge
1100 3061 1154 3116 alio
1165 3062 1350 3133 cognoscendi
1376 3055 1566 3113 creatorumui
1591 3062 1716 3116 rationes
1738 3063 1769 3116 in
1793 3063 1891 3116 diuina
1913 3072 2003 3116 mente
2027 3066 2211 3130 continentur,

516 3149 599 3202 modo
623 3147 678 3215 uti,
702 3164 785 3218 quam
810 3163 865 3217 quo
883 3146 1040 3201 intellectus
1057 3153 1151 3201 noster
1167 3147 1269 3211 utitur,
1295 3167 1351 3202 non
1377 3162 1463 3214 neque
1495 3147 1524 3199 in
1558 3147 1657 3200 diuina
1690 3156 1777 3201 mente
1807 3151 1954 3218 quicquam
1984 3150 2042 3202 nisi
2070 3160 2212 3204 1111111111

517 3235 665 3302 disceptat,
685 3233 920 3301 nonrationotur,
938 3249 994 3284 non
1004 3234 1147 3301 proponit,
1165 3233 1350 3301 noncolliqit,
1376 3240 1459 3299 atque
1481 3232 1704 3286 incommutabile
1727 3250 1786 3287 1111
1807 3243 1900 3303 potest
1929 3244 2013 3303 atque
2038 3237 2090 3289 bas
2117 3254 2212 3290 reram

515 3340 572 3375 non
591 3340 651 3374 cum
672 3319 731 3373 alio
749 3320 873 3388 confert,
892 3336 947 3371 non
967 3319 1002 3372 ab
1021 3318 1081 3372 ullo
1102 3319 1213 3389 accipit.
1249 3317 1351 3391 Scalig.
1376 3318 1502 3371 rationes
1530 3319 1708 3387 prirecipalee
1738 3320 1821 3373 ideas
1852 3321 1983 3390 appellat
2014 3322 2117 3389 Plato;
2153 3341 2212 3377 non

516 3424 604 3462 exerc.
631 3412 689 3462 365.
715 3410 781 3460 sect
808 3411 831 3460 8.
851 3405 929 3460 Deus
946 3403 1039 3459 omnia
1056 3406 1272 3478 cognoscitque
1289 3405 1351 3459 sim-
1377 3404 1466 3457 solum
1483 3414 1548 3457 sant
1566 3405 1666 3467 ideae,
1685 3407 1738 3459 sed
1756 3413 1833 3475 ipsae
1851 3425 1933 3461 uerae
1951 3416 2022 3478 sunt,
2042 3411 2111 3477 quia
2124 3419 2211 3464 aeter-

517 3495 584 3565 plici
601 3492 801 3560 intellectione,
819 3508 892 3564 quae
910 3490 969 3561 ipse
986 3497 1044 3555 est,
1061 3507 1116 3545 non
1134 3492 1266 3563 intelligit
1284 3509 1350 3563 qua·
1377 3506 1430 3542 nae
1448 3498 1511 3542 sunt
1531 3497 1556 3543 et
1575 3490 1716 3557 ejusmodi
1735 3500 1817 3561 atque
1836 3493 2073 3548 incommutabiles
2089 3504 2211 3565 manent,

515 3581 580 3635 dam
598 3580 731 3635 distincta
750 3577 909 3650 cognitione
927 3577 963 3632 ab
981 3578 1036 3632 alio
1049 3584 1170 3643 causata,
1189 3596 1222 3634 ac
1234 3578 1351 3649 proinde
1378 3593 1495 3645 parum
1511 3578 1732 3646 participatione
1744 3579 1792 3647 fit,
1814 3587 1844 3633 ut
1863 3580 1900 3633 eit
1920 3581 2055 3649 quicquid
2072 3590 2125 3651 eet,
2144 3599 2211 3650 quo

516 3685 549 3721 ex
574 3666 732 3737 cognitione
758 3665 813 3719 ista
838 3681 894 3719 non
920 3665 1029 3718 accedit
1054 3663 1080 3720 ei
1104 3665 1140 3720 de
1163 3681 1234 3720 noro
1256 3665 1351 3735 aliqua
1377 3679 1431 3732 quo
1449 3664 1532 3715 modo
1551 3670 1598 3715 eet.

515 3752 655 3821 perfectio.
692 3752 762 3806 Cum
779 3750 857 3805 Deus
875 3750 944 3803 nihil
962 3750 1172 3821 potentialitatis
1186 3749 1288 3806 habeat
1302 3751 1350 3804 ad·
1410 3753 1452 3803 26.
1487 3747 1651 3804 Scholastici
1669 3748 1704 3804 de
1722 3748 1791 3804 ideis
1810 3749 1863 3804 hoc
1875 3757 2001 3806 monent:
2020 3753 2211 3808 Deueeccun-

515 3838 647 3901 mixtum,
672 3838 721 3892 sed
748 3838 785 3890 sit
804 3854 890 3906 purus
909 3844 1003 3905 actus,
1028 3843 1150 3905 oportet,
1175 3837 1250 3907 quod
1270 3836 1299 3890 in
1317 3852 1349 3890 eo
1376 3835 1443 3886 diem
1462 3836 1609 3888 arentium
1627 3843 1667 3887 est
1685 3835 1843 3889 similitudo
1861 3855 1955 3900 rerum
1975 3839 2110 3908 omnium,
2143 3856 2210 3909 erpo

515 3924 672 3978 intellectus
698 3928 727 3976 11
750 3922 933 3993 intelligibilia
951 3922 1057 3992 spcciee
1077 3922 1113 3975 sit
1130 3922 1203 3976 idem
1222 3921 1349 3976 omnibus
1376 3921 1443 3972 idea
1465 3920 1538 3973 nibil
1561 3920 1644 3974 aliud
1664 3937 1748 3988 meane
1766 3922 1825 3974 Dei
1849 3917 1977 3976 absentia.
2013 3922 2110 3979 Thom.
2134 3944 2162 3996 p.
2188 3933 2211 3981 1.

513 4008 605 4062 modis
629 4016 713 4079 atque
740 4025 825 4061 unum
850 4024 912 4061 cum
933 4008 993 4075 ejus
1013 4007 1148 4070 essentia,
1174 4007 1248 4062 unde
1268 4008 1350 4062 ctiam
1377 4024 1402 4076 q.
1426 4013 1581 4075 111111,
1603 4012 1741 4061 ettamen
1764 4009 2211 4079 danturpluresideaeiumente

515 4093 700 4161 concludunt,
723 4094 800 4162 prod
817 4094 898 4145 Deus
917 4095 1109 4159 coquoscendo
1126 4109 1155 4145 ec
1176 4095 1350 4162 1111111111-
1377 4091 1480 4161 divina,
1498 4093 1520 4146 si
1540 4092 1612 4147 enim
1632 4094 1699 4148 ordo
1711 4094 1832 4149 universi
1844 4096 1967 4149 intentus
1980 4111 1998 4149 a
2009 4095 2078 4160 Deo,
2098 4114 2212 4155 1111111

516 4183 580 4248 dat,
606 4180 658 4234 hoc
676 4185 732 4247 cst,
754 4185 811 4232 tum
836 4175 960 4248 perfecte
979 4185 1142 4249 cognoscat,
1166 4185 1198 4233 ut
1222 4179 1290 4233 nihil
1310 4180 1351 4234 ul·
1378 4185 1429 4246 est,
1449 4178 1523 4249 quod
1540 4178 1644 4233 habeat
1660 4179 1752 4233 ideam
1772 4179 1876 4233 ordinis
1889 4181 2017 4249 universi,
2035 4183 2214 4238 reticentem

516 4267 601 4321 111111
628 4264 852 4337 cognoscendum
881 4270 974 4320 restet.
1016 4264 1109 4317 Tanta
1131 4263 1186 4319 Dei
1210 4264 1299 4319 virtus
1322 4266 1351 4320 in
1378 4263 1495 4337 alicujus
1513 4264 1598 4319 totius
1615 4264 1710 4319 haberi
1729 4282 1785 4319 nou
1800 4271 1899 4336 potest,
1918 4266 1971 4321 nisi
1982 4268 2137 4323 habeantur
2149 4287 2213 4340 pro-

517 4352 716 4423 cognoscendo,
736 4356 841 4423 quantu
857 4350 1005 4404 actualitas
1026 4349 1054 4403 iu
1068 4350 1234 4407 exsistendo.
1253 4351 1351 4409 Thom.
1378 4351 1454 4421 price
1470 4350 1588 4405 rationes
1606 4368 1713 4421 eorum,
1737 4370 1771 4407 ex
1791 4352 1892 4423 quibus
1912 4359 2001 4409 totum
2020 4356 2213 4425 comtituitur3

517 4458 542 4510 p.
567 4446 588 4494 l.
608 4455 633 4510 q.
656 4444 695 4494 11.
713 4446 765 4493 art.
785 4444 816 4492 t:
836 4438 916 4490 Deus
933 4444 973 4489 eet
990 4438 1085 4502 fndus
1103 4438 1169 4506 eibi,
1187 4437 1216 4491 id
1235 4442 1291 4515 est,
1310 4440 1352 4493 sic
1377 4454 1429 4492 nec
1452 4443 1561 4508 pugnat
1586 4436 1638 4491 hoc
1662 4455 1725 4491 cum
1747 4437 1924 4507 simplicitate
1940 4437 2098 4495 intellectus
2116 4441 2214 4508 divim,

517 4542 547 4579 se
565 4525 644 4576 babet
664 4525 694 4576 in
714 4542 769 4577 non
782 4523 1120 4577 accedendo'intellectum
1134 4540 1221 4592 suum,
1238 4525 1310 4577 sicut
1322 4541 1352 4578 ee
1378 4522 1444 4592 quia
1461 4523 1528 4575 idea
1547 4530 1587 4575 est
1605 4523 1635 4575 in
1651 4531 1738 4577 mente
1755 4524 1907 4591 operantes,
1924 4526 1997 4578 11111
2014 4528 2091 4595 quod
2107 4528 2214 4581 intelli·

517 4612 598 4665 babet
621 4610 741 4677 aliquod
752 4609 867 4679 finitum
883 4609 913 4662 in
930 4625 986 4662 non
1005 4610 1163 4663 secedendo
1181 4610 1352 4665 intellectum
1377 4610 1464 4677 pitur,
1486 4626 1541 4661 non
1568 4616 1659 4663 autem
1683 4618 1713 4662 ut
1736 4609 1856 4677 species,
1884 4627 1939 4678 quo
1956 4612 2133 4679 intelliqitur.
2170 4612 2214 4668 ld.

516 4698 632 4763 finitum.
1377 4699 1429 4747 art
1458 4702 1481 4749 2.
1504 4693 1532 4747 id
1557 4694 1597 4748 sic
1621 4694 1749 4765 exprimit
1766 4693 1829 4747 Biel
1855 4701 1877 4749 1.
1900 4696 2113 4753 1111111135.
2134 4706 2213 4769 qb:

552 4789 593 4839 21.
631 4782 774 4846 1111111111
792 4780 921 4848 ulterius,
941 4796 979 4833 on
998 4782 1079 4833 Deus
1097 4782 1237 4850 intellipot
1257 4783 1351 4836 omnia
1377 4781 1406 4833 in
1425 4784 1488 4834 Deo
1515 4789 1580 4835 eunt
1603 4781 1686 4835 111111
1709 4798 1766 4833 non
1783 4781 1937 4849 *mbjectiue
1961 4790 1987 4835 et
2008 4784 2136 4852 11111111,
2161 4788 2216 4839 sed

516 4873 579 4924 alia
602 4864 681 4923 entra
708 4885 737 4921 11
764 4885 818 4937 per
848 4867 930 4920 ideas
948 4870 1075 4920 eorum!
1120 4866 1164 4922 De
1192 4867 1264 4923 ideis
1297 4868 1351 4924 late
1378 4868 1518 4935 objectiva,
1537 4867 1603 4938 quia
1619 4873 1763 4921 creaturae
1780 4882 1797 4919 a
1816 4866 1878 4921 Deo
1896 4868 2054 4932 intellectae
2070 4886 2127 4924 nou
2146 4877 2214 4927 sunt

516 4961 618 5010 1111111
646 4955 766 5025 August.
797 4951 845 5005 lib.
872 4958 919 5007 13.
948 4957 1053 5021 quaeat.
1080 4970 1105 5023 q.
1133 4959 1174 5008 16.
1202 4953 1250 5007 ubi
1276 4954 1352 5023 dicit,
1376 4952 1488 5008 realiter
1505 4958 1533 5009 et
1551 4952 1705 5023 subjective
1722 4952 1751 5006 in
1769 4969 1810 5008 eo.
1829 4971 1855 5025 q.
1869 4961 1893 5010 6.
1910 4954 1991 5009 addit
2006 4954 2059 5009 hoc
2077 4954 2213 5025 ἀξιομνη·

516 5047 622 5095 1111111
646 5041 675 5095 11
700 5040 740 5093 eis
762 5039 817 5092 vim
840 5037 985 5101 constitui,
1010 5044 1043 5091 ut
1066 5038 1119 5091 nisi
1140 5038 1183 5092 his
1203 5039 1351 5096 intellectis
1376 5038 1526 5105 adremon:
1549 5039 1650 5093 Omnia
1668 5039 1783 5093 suntin
1801 5043 1865 5093 Deo
1882 5042 2025 5110 obJ'ectiue,
2043 5042 2213 5114 virtualiter,

517 5126 628 5195 sapiens
654 5143 714 5182 esee
731 5140 812 5179 nemo
829 5122 931 5194 poesit3
955 5122 1053 5177 definit
1070 5130 1162 5178 autem
1181 5124 1233 5179 hoc
1252 5126 1348 5180 modo:
1376 5127 1532 5181 eminenter.

517 5214 606 5266 Ideae
624 5221 687 5265 sunt
700 5211 880 5281 principales
893 5211 1004 5272 formae
1016 5212 1158 5278 quaedam
1170 5210 1350 5266 relectiones
1411 5217 1451 5266 21.
1500 5212 1548 5266 Ad
1583 5209 1695 5264 modum
1734 5209 1845 5266 divinae
1873 5209 2058 5280 προγνώσεως
2088 5212 2258 5283 partinettv.

515 5316 610 5351 rerum
638 5299 752 5351 stabiles
781 5305 865 5367 atque
888 5295 1142 5363 incommutabiles,
1172 5311 1244 5365 quae
1270 5298 1350 5365 ipsae
1376 5298 1458 5353 ctiam
1476 5297 1524 5352 illa
1542 5296 1679 5368 quaestio:
1697 5297 1744 5350 An
1762 5299 1882 5351 scientia
1899 5298 1959 5350 Dei
1974 5298 2011 5350 eit
2028 5298 2212 5354 discursioni
2225 5296 2258 5338 ¹¹¹

509 5387 657 5452 summac
674 5401 730 5437 non
747 5393 824 5451 eunt,
849 5401 883 5437 ac
900 5398 953 5451 per
967 5382 1018 5434 boc
1038 5390 1169 5435 anemae
1189 5399 1224 5435 ac
1242 5343 1450 5457 semperiquod
1469 5384 1565 5454 utique
1582 5382 1748 5453 negandum
1768 5381 1879 5452 Duplex
1891 5382 1974 5437 estin
1987 5348 2258 5476 scimuanoetress

516 5473 613 5524 eodem
641 5472 724 5522 modo
750 5488 779 5522 11
805 5470 949 5532 babentes,
976 5485 1047 5537 qaae
1069 5469 1100 5521 in
1123 5469 1222 5522 diuina
1244 5469 1350 5523 intelli·
1376 5471 1531 5538 (1111111111,
1559 5469 1648 5539 primo
1680 5469 1833 5525 seeundum
1862 5468 2064 5524 successionem
2090 5476 2211 5544 tantum,
2224 5482 2258 5524 ae

514 5558 608 5623 pentio
633 5557 820 5620 continentur,
844 5566 871 5611 et
894 5573 956 5610 cum
981 5556 1061 5625 ipsae
1082 5571 1133 5609 nec
1151 5556 1281 5609 oriantur
1299 5574 1349 5610 nec
1375 5573 1452 5625 11111,
1527 5561 1624 5626 tquam
1648 5554 1829 5626 intelligimus
1854 5552 1961 5625 aliquid
1987 5554 2017 5607 in
2041 5563 2118 5620 actu,
2143 5575 2211 5614 oon·

513 5644 667 5710 intereant,
706 5645 857 5697 secundum
888 5662 936 5698 eas
966 5650 1058 5697 tomen
1086 5642 1214 5707 formari
1242 5644 1350 5696 dieitur
1374 5641 1506 5697 vertimus
1532 5660 1583 5697 uos
1608 5642 1646 5697 ad
1673 5641 1885 5711 intelligendum
1913 5640 2006 5711 aliud3
2037 5642 2138 5697 deinde
2167 5651 2211 5700 est
2253 5682 2258 5691 ·

514 5747 593 5784 omne
616 5731 693 5799 qscod
717 5729 791 5783 oriri
813 5737 839 5783 ct
863 5731 977 5784 interire
997 5736 1101 5800 petest,
1127 5736 1154 5782 et
1175 5746 1256 5783 omne
1274 5731 1351 5799 quod
1374 5728 1444 5783 alius
1474 5728 1615 5784 discursus
1641 5726 1793 5783 secundum
1821 5726 2026 5796 camelitatem,
2062 5745 2126 5782 cum
2156 5746 2210 5799 per

513 5819 603 5873 oritur
637 5833 672 5871 ac
710 5815 810 5870 interit
864 5814 980 5873 Genea.
1011 5817 1049 5873 de
1074 5816 1134 5871 rita
1161 5815 1252 5886 spirit.
1282 5815 1347 5872 lect.
1373 5815 1509 5888 principio
1543 5814 1670 5871 remmus
1699 5812 1735 5867 ad
1762 5812 1950 5884 cognitionem
1977 5814 2208 5872 conclusionum:
