5017 6675
1161 539 1286 599 meus
1304 535 1530 596 UNDECIMUS

1360 709 1415 746 888
1433 696 1528 761 posset
1543 694 1675 757 avertere,
1695 687 1744 744 sed
1761 693 1822 744 erat
1838 688 1867 743 in
1885 704 1920 744 ca
1936 685 2056 761 δύναμις
2074 684 2196 758 irripe-

777 784 842 845 cA
858 783 882 844 P
901 784 970 845 UT
1001 784 1057 843 11,
1360 792 1440 844 8888,
1468 782 1577 846 poterat
1593 775 1665 830 velle
1684 773 1787 829 bouum
1805 782 1834 829 et
1851 773 1925 829 nolle
1944 773 2061 843 malum,
2085 776 2200 845 poterat

1360 862 1443 915 etiarn
1460 862 1534 916 nolle
1551 862 1654 915 bonum
1672 867 1700 915 81
1717 861 1788 916 88118
1806 861 1915 915 malum.

521 925 585 991 DE
629 920 1095 989 CONSIDERATIONE
1130 916 1312 985 LIBERI
1396 954 1436 1002 2,,
1483 947 1661 1002 Nomium„
1696 945 1768 1000 hanc
1805 946 1962 1001 libertatem
1999 962 2017 1000 a
2052 943 2254 1036 servitute&

555 1023 791 1090 ARBITRII
828 1023 1117 1089 SECUNDUM
1154 1020 1276 1100 QUA·
1360 1032 1743 1104 quiahomosesenondum
1761 1038 1876 1102 peccato
1898 1032 2078 1103 ejusdemque
2102 1038 2250 1102 tyran-sss

638 1125 775 1191 DRUP
784 1123 866 1190 LlC
875 1126 943 1190 ΕΜ
977 1123 1185 1190 STATUM
1360 1119 1418 1172 nidi
1436 1119 1656 1188 mancipaverat3
1680 1118 1746 1173 item
1771 1118 1926 1173 libertatem
1945 1136 1963 1173 8
1980 1118 2105 1186 miseria,
2130 1117 2199 1189 quia
2212 1106 2254 1191 ξ’,ξζ

801 1224 1034 1292 HOMINIS·
1346 1185 1441 1267 lbomo
1462 1204 1584 1257 nondum
1607 1204 1722 1258 miserae
1740 1204 1780 1258 illi
1798 1205 1931 1274 peccandi
1953 1204 2113 1260 necessitati
2132 1202 2197 1257 1118-
2212 1204 2254 1242 nu

334 1361 337 1364 .
1346 1272 1477 1371 {questus
1497 1297 1562 1344 erat.
1598 1290 1699 1345 Vocari
1724 1290 1806 1345 etiam
1830 1296 1923 1361 potest
1945 1290 2060 1345 libertas
2083 1252 2254 1345 8881118111

373 1393 476 1444 gunnor
539 1387 577 1436 16.
612 1377 666 1432 Η18
684 1394 749 1432 vero
774 1371 1445 1447 (118118888881188818118888111118881-1811818,
1477 1375 1542 1445 quia
1573 1381 1681 1445 poterat
1708 1394 1784 1430 mens
1810 1384 1886 1431 88818
1912 1376 2004 1430 Deum
2019 1391 2196 1446 cognoscere,
2213 1358 2254 1397 ‘¹¹³

372 1449 481 1537 mh,
501 1466 544 1520 nis
562 1472 665 1533 status,
683 1463 739 1516 alia
756 1463 830 1516 enim
847 1463 960 1516 libertas
979 1461 1085 1516 arbitrii
1105 1460 1159 1513 fuit
1178 1459 1205 1513 iu
1224 1422 1350 1527 11881881
1362 1466 1472 1530 8818881
1498 1461 1626 1514 88188188
1651 1468 1726 1515 88818
1754 1477 1852 1532 agere,
1876 1461 2014 1532 judicium
2041 1461 2141 1516 mentis
2169 1466 2200 1514 et

500 1557 564 1606 ante
580 1552 701 1621 lapsum,
726 1566 789 1602 cum
813 1549 903 1602 adhuc
928 1549 957 1602 in
983 1553 1057 1601 81818
1082 1544 1249 1617 integritatis
1270 1561 1333 1597 con·
1362 1546 1459 1601 electio
1483 1546 1633 1601 voluntatis
1662 1564 1726 1601 cum
1751 1565 1847 1602 norma
1870 1547 1939 1619 legis
1964 1546 2074 1602 divinae
2099 1552 2200 1601 exacte
2252 1595 2254 1598 .

500 1644 609 1694 creatae
638 1636 748 1691 floreret
775 1640 805 1689 et
829 1635 949 1706 vigeret,
975 1635 1031 1689 alia
1058 1638 1100 1688 est
1128 1639 1191 1703 8881
1216 1632 1335 1701 lapsum,
1363 1631 1562 1703 congruebant,
1581 1633 1712 1703 quamdiu
1730 1632 1759 1686 in
1776 1638 1851 1688 statu
1867 1633 1920 1687 isto
1934 1632 2102 1704 integritatis
2115 1632 2200 1686 homo

499 1731 646 1796 postquam
671 1721 798 1792 justitiae
823 1721 924 1776 servire
950 1721 1120 1788 detrectans,
1148 1718 1270 1788 imagine
1296 1715 1335 1769 di·
1362 1716 1534 1787 persistebat.
1570 1718 1635 1772 Non
1656 1724 1749 1772 tamen
1775 1719 1926 1788 conjuncta
1944 1725 2004 1773 erat
2024 1717 2090 1772 huic
2114 1718 2201 1772 liber·

414 1815 486 1859 818
500 1810 564 1864 vina
580 1808 726 1879 spoliatus,
748 1808 822 1876 jugo
846 1807 939 1860 88188
964 1806 1093 1859 81881888
1114 1803 1273 1872 iniquitatis
1295 1802 1336 1870 [ut
1361 1802 1412 1856 tati
1435 1803 1548 1857 libertas
1575 1819 1592 1856 a
1616 1802 1815 1868 mutabilitate,
1844 1804 1911 1875 quia
1934 1809 2044 1874 poterat
2068 1804 2199 1859 voluntas

499 1894 621 1968 loquitur
652 1893 828 1963 Augustinus
856 1891 958 1947 Jerem.
988 1898 1028 1947 11.
1063 1892 1098 1946 (18
1127 1888 1203 1944 verb.
1236 1888 1333 1959 apost]
1361 1888 1478 1942 hominis
1496 1888 1610 1956 mutari,
1635 1895 1663 1943 81
1680 1889 1766 1944 bbere
1783 1889 1887 1943 malum
1905 1889 2022 1960 eligere,
2048 1889 2089 1945 uti
2108 1888 2194 1944 etiam

499 1997 558 2035 sese
576 1987 674 2048 888818
691 1979 826 2031 subdidit.
1362 1974 1454 2045 elegit.

538 2071 578 2122 8.
614 2046 829 2134 Vicissim'quis
848 2063 950 2117 amissa
967 2061 1060 2132 imago
1079 2060 1171 2114 8888
1191 2059 1290 2129 insipit
1305 2059 1336 2113 in
1396 2066 1437 2114 8.
1474 2060 1684 2115 81888888
1707 2060 1737 2114 in
1762 2059 1851 2131 primo
1874 2058 1986 2114 nomine
2008 2065 2138 2114 88888
2157 2076 2201 2114 ss-

499 2152 553 2207 bac
569 2151 628 2206 vita
644 2149 787 2204 reformari
809 2156 837 2204 et
860 2156 961 2203 natura
984 2147 1091 2215 sanari,
1115 2147 1145 2201 18
1170 2145 1266 2200 futura
1289 2145 1335 2199 de·
1362 2145 1499 2200 cernenda
1518 2146 1554 2201 ab
1575 2163 1621 2215 ea,
1648 2161 1732 2216 quam
1757 2161 1842 2215 supra
1865 2145 2024 2200 vocavimus
2043 2145 2200 2200 libertatem

400 2254 404 2256 ·
499 2253 575 2291 mum
601 2237 684 2306 plene
707 2234 892 2302 restituenda3
920 2233 984 2288 ideo
1012 2232 1067 2286 alia
1093 2231 1206 2287 libertas
1228 2231 1335 2285 arbitrii
1363 2233 1554 2301 scotatione,
1573 2234 1639 2304 quia
1658 2233 1771 2287 libertas
1788 2232 1869 2287 11188
1887 2230 2090 2288 888811888881
2108 2250 2200 2288 essen·

500 2328 543 2378 est
560 2323 589 2376 in
606 2320 764 2375 hominibus
781 2321 903 2374 nondum
921 2319 1024 2375 renatis
1038 2324 1104 2373 ante
1121 2318 1335 2381 conversionem,
1362 2318 1435 2373 tialis
1459 2320 1609 2374 voluntatis
1633 2320 1800 2392 proprietas,
1826 2319 1872 2375 881
1899 2319 1991 2389 potius
2016 2320 2079 2389 ipsa
2101 2318 2200 2373 volun·

499 2407 555 2463 alia
582 2407 611 2460 in
638 2406 741 2461 renatis
770 2412 834 2475 post
861 2405 1075 2459 conversionem.
1126 2403 1253 2473 Itemque
1282 2403 1337 2456 8118
1362 2405 1427 2458 tntis
1457 2407 1589 2469 essentia,
1618 2422 1651 2460 ac
1678 2405 1794 2476 proinde
1819 2405 1920 2459 dicitur
1942 2404 2137 2460 aBemhardo
2163 2406 2201 2459 de

500 2494 615 2549 libertas
641 2490 749 2545 arbitrii
768 2490 797 2544 in
815 2489 971 2544 bominibus
995 2489 1110 2554 renatis,
1138 2490 1205 2543 dum
1230 2489 1259 2543 in
1284 2488 1337 2542 hac
1363 2492 1441 2562 grad.
1461 2498 1489 2546 et
1507 2492 1556 2546 lib.
1578 2492 1636 2547 881).
1655 2491 1858 2557 inamissibilis3
1886 2491 1934 2545 sed
1952 2490 2068 2545 libertas
2084 2490 2200 2545 rectitu-

500 2580 559 2634 vita
576 2577 668 2645 adbuc
687 2576 740 2631 sub
765 2582 903 2632 vetustate
928 2577 1019 2631 carnis
1044 2593 1077 2630 ex
1095 2582 1174 2646 parte
1192 2574 1334 2631 laborant:
1362 2577 1435 2630 dinis
1452 2577 1507 2631 fuit
1526 2577 1655 2632 accidens
1673 2576 1813 2649 quoddam
1830 2575 1999 2646 separabile,
2024 2576 2064 2630 ita
2087 2592 2200 2647 compa·

499 2665 556 2720 8118
572 2681 637 2720 vero
656 2663 866 2719 881118181888
883 2662 948 2732 8118,
966 2679 1038 2735 quae
1051 2661 1205 2733 plenariam
1224 2661 1334 2715 demum
1361 2669 1459 2729 ratum,
1477 2669 1508 2717 81
1529 2664 1608 2717 88188
1628 2663 1779 2719 8818818118
1799 2663 1918 2718 88888118
1935 2661 2026 2716 amitti
2044 2668 2148 2732 888881,
2167 2668 2200 2715 81

500 2751 654 2806 libertatem
673 2766 707 2804 88
726 2749 901 2804 securitatem
919 2748 1018 2819 pariet.
1362 2749 1444 2803 etiam
1463 2748 1564 2803 amissa
1585 2753 1636 2806 881.

538 2841 577 2891 18.
617 2836 768 2891 Promanat
791 2852 824 2890 er
848 2835 900 2888 boc
929 2834 1006 2888 fonte
1036 2829 1261 2903 noiutpbthror
1288 2830 1336 2885 ills
1396 2839 1436 2889 11.
1472 2834 1501 2890 si
1521 2852 1587 2906 ergo
1606 2841 1755 2905 quaeratur
1774 2833 1808 2889 de
1834 2834 1883 2887 ills
1907 2832 2037 2889 libertate
2054 2827 2251 2888 recutiti-rer

500 2921 640 2976 distinctio
660 2921 732 2976 inter
749 2919 960 2991 quadruplicem
979 2917 1096 2974 hominis
1121 2922 1238 2987 statum,
1264 2935 1335 2988 quae
1361 2919 1403 2973 nis
1422 2938 1470 2975 seu
1489 2921 1525 2974 de
1544 2920 1662 2993 8188188
1680 2920 1728 2973 1118
1746 2920 1781 2973 ad
1800 2919 1976 2983 alterutrum,
2004 2920 2108 2974 bonum
2125 2928 2197 2989 8818
2210 2897 2254 2980 511

496 3008 579 3079 jubet
594 3006 733 3062 hominem
748 3006 923 3061 considerare
937 3005 1025 3075 primo
1043 3004 1071 3058 in
1087 3010 1188 3059 natura
1201 3004 1334 3067 instituta,
1361 3007 1406 3061 vel
1432 3007 1536 3061 mulum
1563 3008 1722 3079 eligendum
1749 3007 1793 3062 vel
1816 3006 2019 3077 repudiandum
2043 3006 2199 3077 aequaliter

500 3092 553 3147 hoc
578 3098 632 3156 est,
657 3093 687 3146 in
709 3098 855 3146 concreata
878 3089 1005 3162 originali
1024 3090 1194 3160 perfectione
1212 3097 1278 3144 ante
1297 3090 1335 3143 la·
1361 3110 1391 3148 se
1407 3093 1538 3164 habente,
1556 3094 1675 3148 dicimus
1691 3110 1752 3148 eam
1766 3093 1889 3163 periisse.
1921 3093 2012 3146 Homo
2030 3092 2105 3146 8818
2124 3093 2199 3147 8818

500 3194 594 3250 88888;
619 3177 719 3232 deinde
746 3177 774 3231 in
801 3182 902 3231 natura
923 3176 1056 3232 destituta
1080 3182 1108 3231 et
1126 3182 1256 3246 corrupta
1272 3181 1337 3246 post
1362 3181 1546 3234 8188111888
1566 3181 1684 3234 arbitrio
1703 3188 1729 3233 81
1748 3196 1777 3232 88
1795 3179 1925 3249 perdidit
1943 3185 1969 3232 81
1986 3179 2087 3248 ipsum.
2129 3177 2199 3232 Cum

499 3265 623 3335 lapsum,
648 3281 712 3318 cum
735 3270 799 3318 8818
822 3262 1037 3333 reparationem,
1062 3267 1122 3316 tum
1144 3263 1173 3316 in
1190 3262 1249 3332 ipso
1269 3279 1334 3317 888·
1362 3266 1435 3319 euim
1466 3267 1556 3320 libero
1585 3265 1705 3320 arbitrio
1732 3272 1916 3335 peccaretur,
1948 3266 2052 3318 uictore
2076 3273 2197 3334 8888818

457 3370 464 3383 ·
500 3340 634 3405 versionis
650 3358 723 3417 actu,
744 3350 881 3422 quomodo
899 3349 936 3402 ad
949 3349 1068 3420 gratiam
1080 3348 1134 3402 Dei
1147 3365 1206 3404 sese
1218 3347 1334 3403 habeat:
1362 3354 1494 3407 omissum
1513 3360 1595 3406 estet
1614 3353 1732 3407 liberum
1750 3352 1911 3417 arbitrium,
1931 3369 1950 3405 8
1968 3370 2022 3421 888
2042 3353 2117 3405 euim
2134 3350 2198 3422 quis

500 3436 629 3492 18811818
652 3443 753 3491 natura
776 3435 885 3490 restitui
911 3441 1026 3506 coepta,
1048 3434 1102 3489 hoc
1127 3440 1183 3504 est,
1206 3435 1235 3488 in
1261 3441 1336 3490 81818
1361 3440 1484 3492 devictus
1506 3446 1558 3507 est,
1585 3438 1649 3491 1818
1673 3455 1768 3491 seruus
1787 3438 1920 3491 addictus
1937 3445 1985 3490 est.
2020 3436 2116 3493 Verba
2133 3437 2254 3491 888111

500 3540 589 3579 88888
600 3522 774 3579 obedientiae
791 3529 855 3594 post
865 3520 969 3576 factam
983 3520 1198 3576 conversionem.
1231 3519 1335 3584 Quarto
1361 3525 1481 3595 August.
1497 3524 1526 3577 in
1544 3522 1656 3579 Euchir.
1676 3541 1699 3578 c.
1719 3529 1760 3579 30.
1796 3522 1891 3594 Atque
1908 3522 1959 3577 boc
1976 3530 2106 3594 respectu
2123 3522 2197 3577 idem

500 3609 530 3664 in
548 3615 649 3665 881888
672 3610 753 3680 81888
778 3616 806 3664 81
828 3614 1016 3664 8888888818
1038 3608 1179 3674 restituta,
1207 3607 1261 3662 boc
1285 3613 1335 3675 881,
1361 3618 1443 3665 88881
1459 3610 1606 3665 arbitrium
1625 3610 1744 3664 bominis
1764 3627 1820 3662 888
1843 3609 1965 3680 amplius
1985 3610 2119 3678 liberum,
2146 3610 2199 3662 sed

500 3694 528 3749 in
552 3695 739 3766 patefactione
764 3694 878 3749 alterius
902 3694 988 3749 seculi
1013 3698 1077 3763 post
1099 3693 1332 3749 resurrectionem.
1361 3715 1483 3760 servum,
1508 3695 1556 3749 lib.
1583 3702 1604 3750 1.
1630 3702 1727 3750 888188
1753 3693 1857 3750 Julian.
1904 3696 2096 3764 0881188188,
2122 3694 2197 3767 quod

500 3779 575 3836 Vide
595 3780 784 3836 Lombardum
803 3786 827 3836 2.
846 3786 916 3834 sent.
934 3780 998 3834 dist.
1019 3785 1060 3834 15.
1079 3778 1119 3832 lit
1137 3778 1181 3849 G,
1200 3779 1249 3834 ubi
1268 3779 1335 3834 satis
1361 3800 1417 3837 888
1431 3781 1485 3835 8181
1503 3783 1540 3836 ad
1556 3782 1730 3853 peccandum
1748 3780 1822 3836 88181
1842 3780 1890 3835 lib.
1903 3786 1926 3836 3.
1945 3788 2042 3835 contra
2058 3780 2128 3835 duas
2141 3780 2197 3852 epi·

500 3866 643 3921 commode
667 3866 718 3921 bos
743 3870 862 3938 quatuor
888 3871 976 3920 status
999 3864 1154 3935 distinguit.
1193 3864 1240 3918 Ad
1263 3866 1335 3919 banc
1362 3869 1422 3923 stol.
1441 3867 1537 3940 Pelag.
1556 3887 1581 3924 c.
1601 3873 1625 3923 8.
1649 3854 1813 3937 Perditum5
1838 3865 1886 3920 lib.
1911 3871 1935 3923 3.
1958 3865 2084 3939 hypogn.
2103 3867 2198 3921 88188-

501 3951 706 4007 distinctionem
733 3951 857 4022 proxime
882 3949 990 4005 accedit
1006 3950 1055 4004 illa
1073 3949 1225 4021 Augustini
1242 3950 1271 4004 in
1291 3968 1336 4005 ex·
1361 3961 1447 4010 tatem
1465 3960 1546 4009 vocat
1564 3973 1620 4008 888
1639 3954 1767 4023 liberam,
1786 3955 1837 4007 sed
1851 3953 2039 4007 damnabilem
2051 3954 2198 4021 88811188,

499 4037 580 4107 posit.
601 4036 681 4107 epist.
703 4034 804 4107 Rom,
830 4052 901 4108 quae
921 4035 1115 4106 praetermissa
1140 4036 1222 4108 primi
1247 4043 1336 4091 status
1363 4040 1397 4094 de
1414 4039 1490 4095 verb.
1510 4045 1598 4110 apost.
1618 4056 1697 4094 serm.
1719 4044 1758 4095 1³.
1777 4038 1988 4106 contumaciam,
2007 4038 2198 4095 8881118818-

500 4122 721 4178 consideratione
746 4129 803 4179 tres
828 4122 993 4193 posteriores
1017 4122 1135 4177 hominis
1165 4130 1255 4178 818188
1282 4122 1335 4178 hoc
1362 4124 1519 4196 18888181
1541 4124 1745 4182 acuuntur.

499 4209 581 4265 modo
598 4208 692 4264 effert:
711 4210 1191 4278 11181188888888881888188188
1209 4211 1335 4279 prades,¹
1397 4218 1438 4268 13.
1484 4210 1637 4282 Postquam
1666 4211 1740 4266 enim
1768 4227 1819 4282 per
1846 4215 1992 4281 peccatum
2022 4210 2116 4283 imago
2145 4209 2200 4265 Dei

424 4302 429 4315 ¹
499 4304 565 4350 8818
581 4297 677 4365 18888,
697 4296 749 4349 sub
766 4296 833 4364 1888,
852 4296 903 4349 sub
919 4296 1025 4363 888118,
1045 4296 1076 4348 18
1089 4312 1169 4364 pace.
1204 4297 1279 4349 Aute
1297 4295 1336 4350 18-
1362 4298 1533 4362 8881888881,
1553 4297 1635 4351 simul
1654 4298 1736 4353 etiam
1756 4296 1875 4365 δύναμις
1892 4297 1940 4351 1118
1954 4296 2058 4352 bonum
2076 4296 2198 4369 eligendi

501 4398 562 4451 888
579 4384 722 4451 sequimur
739 4382 990 4452 concupiscentiam
1008 4382 1112 4450 caruis,
1129 4382 1180 4435 sub
1197 4382 1257 4452 1888
1278 4390 1335 4436 188-
1361 4384 1463 4440 amissa
1480 4389 1530 4451 est,
1551 4383 1665 4454 [quippe
1682 4400 1754 4455 quae
1773 4388 1833 4438 erat
1852 4400 1917 4453 pars
1935 4382 2064 4453 imaginis
2078 4381 2197 4451 divinae]

499 4468 593 4522 bimur
611 4469 647 4522 ub
673 4484 722 4536 88,
748 4468 799 4521 sub
823 4468 919 4536 888118
943 4468 1158 4537 8888888188·
1182 4484 1257 4536 eom,
1286 4484 1336 4524 888
1362 4479 1391 4527 81
1415 4469 1483 4542 quie
1507 4485 1557 4540 per
1581 4476 1727 4540 peccatum
1748 4468 1830 4524 bomo
1859 4487 1915 4524 888
1938 4469 2026 4524 solum
2053 4467 2198 4539 spoliatus,
2243 4512 2252 4533 ,

503 4555 643 4610 tradimur
662 4554 699 4607 ab
716 4572 766 4622 88,
793 4554 824 4607 is
842 4569 917 4622 8888
942 4554 1024 4606 88118
1047 4562 1088 4607 881
1111 4550 1337 4623 888188ρί88818
1363 4557 1460 4613 sedet
1484 4555 1582 4610 misere
1606 4560 1752 4626 corruptus
1777 4561 1832 4625 881,
1859 4554 1922 4610 ideo
1951 4554 1980 4609 in
2003 4553 2097 4609 locum
2120 4554 2200 4609 istius

500 4640 605 4696 888818.
640 4640 715 4692 Ante
733 4640 821 4708 18888
838 4657 904 4707 erpo
922 4656 978 4692 888
992 4656 1169 4709 pugnamus,
1193 4640 1262 4709 8818
1280 4658 1337 4695 888
1363 4640 1498 4698 libertatis
1522 4640 1655 4696 successit
1672 4640 1784 4696 effrenis
1806 4640 1853 4695 ille
1877 4639 1915 4695 ud
1941 4640 2045 4695 malum
2071 4640 2200 4711 impetus,

500 4728 590 4783 88188
610 4725 831 4793 concupiscimus
850 4733 877 4778 81
890 4735 1048 4794 peccemus,
1063 4726 1117 4779 sed
1133 4725 1218 4779 81188
1234 4742 1337 4796 88888
1363 4730 1404 4785 118
1420 4736 1452 4783 81
1469 4734 1533 4798 8881
1552 4728 1662 4798 lapsum
1687 4726 1716 4780 in
1740 4726 1896 4782 hominibus
1920 4724 2056 4796 corruptis
2082 4735 2110 4783 et
2135 4744 2200 4782 non·

500 4816 746 4883 1888888888188
773 4811 823 4864 sub
841 4811 901 4881 1888
915 4829 1090 4881 pugnamus,
1114 4814 1166 4866 ssd
1182 4812 1336 4879 vissimum
1364 4815 1431 4871 dum
1456 4814 1558 4869 renatis
1583 4814 1654 4883 [sive
1676 4812 1817 4868 voluntate
1847 4829 1898 4867 sua
1919 4812 2042 4884 corrupti
2070 4814 2140 4884 sint,
2167 4819 2199 4867 ut

500 4902 551 4956 sub
568 4900 666 4971 888118
680 4915 843 4968 pugnemus
862 4905 888 4951 et
907 4899 1042 4953 mucimus
1048 4919 1059 4966 ,·
1078 4899 1109 4952 18
1124 4917 1195 4968 8888
1213 4918 1268 4953 888
1281 4918 1336 4970 88-
1364 4900 1446 4972 primi
1463 4899 1597 4969 homines,
1615 4899 1673 4953 sive
1692 4916 1725 4954 ex
1745 4898 1908 4969 parentibus
1928 4899 2065 4969 corruptis
2084 4916 2198 4955 naseam

500 5005 628 5057 888888,
647 4987 699 5040 ssd
711 4985 841 5054 perfecte
860 4991 887 5037 st
899 4991 1015 5039 aeterno
1029 5002 1103 5054 8888
1115 4987 1322 5054 requiescimus.
1362 4994 1421 5056 tur,
1441 4992 1474 5041 ut
1492 5002 1587 5041 omnes
1605 5000 1699 5040 eorum
1719 4984 1833 5054 posteri]
1861 4983 2007 5040 arbitrium
2026 4983 2063 5040 sit
2079 4984 2196 5042 liberum

374 5080 480 5123 81888188
540 5077 580 5129 19.
616 5072 745 5126 Libertas
762 5071 878 5125 arbitrii
893 5070 923 5123 iu
940 5070 1050 5123 188188
1068 5079 1133 5126 cute
1152 5072 1265 5141 188888
1279 5074 1338 5138 fuit
1364 5074 1401 5129 ad
1419 5074 1495 5128 mula
1510 5077 1628 5140 tantum,
1648 5070 1715 5142 quia
1731 5070 1801 5125 tales
1813 5070 1935 5142 corrupti
1953 5070 2079 5128 homines
2093 5079 2197 5129 etnon·

375 5132 478 5225 fam.
503 5158 630 5220 18881188
647 5158 769 5211 rationis
782 5174 816 5210 88
827 5156 986 5218 8818818118,
1005 5173 1061 5224 quo
1072 5158 1166 5226 potuit
1180 5158 1261 5212 bomo
1276 5175 1339 5228 pec·
1366 5160 1432 5214 dum
1449 5158 1538 5213 renati
1556 5156 1625 5211 nihil
1642 5156 1695 5211 uisi
1714 5172 1831 5227 peccare
1847 5145 1972 5229 8888881.

376 5244 451 5285 ⁹¹⁸⁰·
506 5258 572 5296 core
591 5251 618 5296 et
634 5260 690 5296 888
709 5259 843 5311 peccare,
867 5241 1016 5297 Anselmus
1038 5241 1073 5297 de
1091 5241 1138 5296 lib.
1158 5243 1252 5298 arbitr.
1272 5260 1294 5297 c.
1314 5250 1339 5309 1,
1402 5250 1442 5300 11.
1477 5243 1544 5298 Alia
1559 5242 1644 5315 igitur
1662 5243 1722 5312 jam
1741 5243 1847 5299 arbitrii
1865 5244 1978 5299 libertas
1998 5249 2039 5299 est
2063 5242 2254 5299 inhominius

504 5326 558 5381 hoc
585 5333 641 5394 est,
677 5327 769 5398 potuit
796 5334 889 5382 mente
919 5326 1011 5382 Deum
1035 5333 1110 5383 recte
1138 5345 1286 5399 agnoscere
1312 5336 1340 5385 et
1368 5329 1450 5385 nibus
1467 5333 1532 5400 post
1548 5328 1670 5399 lapsum,
1698 5346 1782 5400 quam
1807 5346 1953 5399 possumus
1971 5311 2254 5410 8888811188-ΐέ

505 5416 657 5483 spontaneo
667 5413 819 5469 voluntatis
832 5420 907 5468 motu
922 5413 1059 5486 integram
1079 5413 1266 5468 obedientiam
1285 5414 1339 5485 ipsi
1365 5423 1423 5470 tem
1441 5414 1593 5487 ajustitia,
1612 5415 1737 5485 exemplo
1755 5414 1873 5485 apostoli
1896 5412 1975 5470 Rom.
1994 5421 2018 5484 8,
2037 5433 2064 5475 8.
2084 5420 2126 5486 18,
2145 5431 2199 5488 qus
2211 5422 2254 5505 {⁸¹⁰¹

503 5502 662 5570 praestars3
687 5498 806 5553 vicissim
826 5500 909 5554 etiam
926 5500 1052 5569 potuita
1070 5498 1148 5554 DEO
1165 5514 1196 5553 se
1214 5506 1339 5555 avertere
1363 5500 1408 5570 fit,
1436 5507 1468 5554 ut
1492 5505 1622 5570 corrupta
1644 5499 1763 5555 bominis
1784 5500 1913 5556 88188188
1932 5500 2019 5557 libere
2041 5517 2075 5557 ac
2102 5506 2201 5573 sponte
2214 5466 2254 5568 81

503 5592 589 5656 atque
608 5582 739 5654 deficere,
768 5584 871 5656 quippe
888 5585 1011 5639 nondum
1028 5584 1057 5640 in
1075 5584 1149 5639 bono
1164 5592 1225 5639 8881
1241 5584 1338 5640 888118-
1364 5586 1472 5640 teratur
1488 5592 1596 5640 tantum
1616 5585 1653 5639 ad
1671 5586 1788 5654 malum,
1810 5585 1875 5640 Job.
1894 5592 1919 5655 8,
1938 5603 1964 5640 v.
1984 5591 2030 5652 ³4:
2054 5587 2203 5655 88188818

503 5678 610 5739 matus,
633 5668 688 5724 hoc
707 5676 761 5739 est,
784 5671 914 5726 voluntas
937 5672 997 5742 ejus
1014 5670 1137 5726 nondum
1156 5676 1215 5725 erat
1233 5672 1270 5725 ad
1289 5672 1337 5727 bo·
1360 5680 1525 5742 peccatum,
1549 5687 1646 5725 seruus
1667 5680 1706 5725 est
1720 5672 1838 5741 peccati.
1875 5677 1899 5728 1.
1919 5671 1994 5729 Patr.
2014 5678 2044 5742 1,
2062 5690 2088 5727 8.
2110 5679 2158 5731 tt:
2183 5691 2204 5730 8

502 5775 570 5817 uum
593 5754 802 5811 immutabiliter
828 5756 868 5812 ita
893 5756 1090 5823 determinata,
1116 5761 1149 5810 ut
1171 5771 1190 5810 a
1213 5755 1285 5812 bono
1308 5774 1338 5813 88
1366 5773 1420 5826 888
1438 5757 1502 5828 quis
1522 5765 1680 5827 8188888188,
1699 5759 1760 5828 ejsss
1778 5765 1804 5811 et
1820 5769 1916 5812 8888118
1933 5764 1980 5810 est.
