5017 6675
436 541 499 602 204
1105 524 1229 586 locus
1248 515 1474 587 UNDECMUS

442 689 498 746 Vos
514 702 624 758 seraper
640 685 773 743 misticis
793 684 919 758 sipiritus*
933 689 1041 741 sonno.
1077 683 1113 739 Si
1126 687 1218 754 potest
1234 681 1271 752 is,
1298 681 1383 754 eulpa
1407 687 1527 740 attracta
1548 688 1577 740 et
1598 699 1690 756 poena
1714 687 1758 741 ast
1779 688 1808 739 et
1829 683 1921 756 culpa
1957 683 2137 757 Augustinus

437 775 609 848 qsipeccat,
626 789 831 845 conprecare,
854 773 964 826 babebit
981 772 1098 825 liberum
1116 770 1273 824 arbitrium.
1298 768 1346 823 lib.
1365 775 1388 824 5.
1408 777 1504 826 eontra
1517 769 1621 828 Julian.
1640 788 1664 826 e.
1683 777 1714 828 3:
1733 769 1864 827 Caecitas
1876 772 1971 827 cordis
1990 780 2017 827 et
2032 788 2139 857 pecea-

440 861 475 919 ss·
491 879 548 916 non
563 868 660 931 potest
678 879 734 916 non
756 875 886 930 peccare,
905 860 1024 926 smera
1041 856 1157 912 DEUS
1173 858 1209 910 de
1225 856 1274 910 bo-
1299 862 1356 909 tum
1373 864 1431 926 est,
1449 877 1506 928 qua
1523 859 1554 913 in
1570 860 1664 912 Deum
1683 876 1738 913 non
1757 861 1896 924 creditur,
1920 867 1948 913 et
1960 876 2056 930 poena
2071 877 2138 930 pec·
2150 865 2182 908 V.
2197 860 2244 907 tn.

438 949 513 1004 asine
543 948 678 1019 queritur.
721 946 945 1015 Respondemus:
968 952 1002 1000 sl.
1026 944 1113 999 Dicta
1138 943 1208 997 haee
1230 941 1275 996 iti·
1301 942 1371 1010 cati,
1397 961 1454 1012 qua
1469 960 1518 998 cor
1537 945 1686 1014 superbum
1711 946 1802 1011 clipeo
1819 946 2063 1000 animaduersione
2084 965 2139 1017 pu-

439 1034 504 1090 dam
523 1039 665 1104 non-sunt
681 1031 762 1086 nnius
779 1031 899 1102 generis,
919 1031 1055 1102 quaedam
1073 1028 1274 1099 enimloquun·
1300 1029 1377 1082 nitur
1403 1038 1430 1083 et
1456 1048 1543 1084 causa
1564 1031 1691 1100 peccati,
1714 1049 1776 1085 curn
1801 1032 1915 1101 aliquid
1938 1033 2016 1086 caeci
2042 1032 2139 1087 cordis

438 1126 485 1177 tur
509 1121 545 1176 de
573 1124 686 1176 externa
713 1116 859 1187 disciplina
882 1122 911 1172 et
935 1116 1092 1172 actionibus
1116 1114 1275 1183 moralibus,
1302 1131 1397 1168 errore
1417 1117 1605 1174 committitur.
1641 1119 1667 1171 2.
1686 1118 1809 1172 Possunt
1827 1118 1951 1172 homines
1973 1127 2139 1188 peccatores

439 1209 470 1264 in
494 1207 598 1279 quibua
620 1203 796 1260 concedimus
820 1203 963 1275 quandam
989 1202 1094 1258 homini
1111 1201 1277 1256 libertatem.
1302 1202 1403 1254 audim
1430 1202 1485 1254 ista
1512 1204 1706 1272 objurpatione
1730 1204 1825 1258 taedio
1848 1212 2038 1273 peccatoram
2057 1204 2141 1271 affici

442 1300 467 1350 2
492 1292 636 1359 Quaedam
661 1305 727 1344 vero
753 1288 905 1359 loquuntur
936 1288 972 1343 de
1002 1288 1063 1359 ipso
1092 1285 1278 1344 conversionis
1305 1296 1331 1340 ct
1348 1287 1378 1340 in
1392 1288 1467 1342 eiam
1486 1290 1595 1351 redire,
1614 1291 1708 1360 utiquc
1725 1308 1791 1358 erqo
1809 1290 1911 1344 babent
1928 1291 2048 1347 liberum
2066 1292 2141 1345 arbi·

442 1395 541 1452 opere3
567 1378 596 1432 in
617 1375 721 1431 talibus
746 1375 829 1430 dictis
851 1391 1028 1446 nequaqnam
1047 1375 1087 1429 ita
1103 1379 1196 1445 potest
1214 1387 1278 1426 con·
1304 1373 1395 1429 triam.
1448 1373 1673 1446 Respondemus:
1709 1376 1779 1431 Illae
1817 1377 1895 1446 ipsae
1931 1377 2163 1448 objurgationes·

445 1466 535 1521 eludi:
558 1464 639 1518 homo
662 1467 755 1532 potest
779 1461 895 1531 Spiritui
916 1467 1012 1516 sancto
1040 1460 1279 1529 resistere,·opus
1309 1465 1374 1513 sunt
1407 1459 1494 1516 veluti
1526 1461 1643 1516 malleus
1672 1461 1756 1532 legis,
1791 1478 1846 1532 quo
1875 1461 1996 1532 Spiritus
2030 1470 2142 1518 sanetus

444 1549 631 1608 conversionis
649 1548 800 1620 impedire,
821 1564 887 1618 crgo
900 1547 989 1600 ‘etiam
1007 1563 1040 1601 ex
1059 1562 1089 1601 se
1107 1550 1200 1617 potest
1217 1543 1279 1599 Deo
1304 1543 1446 1600 hominum
1475 1546 1561 1601 corda
1593 1547 1711 1602 conterit
1739 1563 1772 1602 ae
1801 1547 2007 1603 conversionem
2034 1547 2063 1602 in
2101 1548 2141 1603 eis

442 1636 580 1705 mentiri,
597 1635 706 1707 gratiae
726 1634 837 1688 divinae
857 1632 1013 1703 eooperari3
1031 1631 1099 1686 haec
1118 1630 1206 1685 illatio
1222 1646 1279 1685 non
1304 1630 1413 1700 operari
1438 1631 1549 1702 incipit,
1579 1631 1631 1686 hoe
1664 1649 1730 1703 ergo
1755 1638 1863 1687 tantum
1890 1633 2030 1705 sequitur,
2064 1633 2140 1704 quod

442 1722 517 1780 vslst
533 1728 648 1794 propter
666 1721 821 1776 evidentem
840 1720 1031 1790 disparitatem
1050 1717 1174 1788 rationis,
1196 1682 1341 1788 siqui-isit
1361 1717 1390 1771 in
1412 1717 1570 1773 hominibus
1593 1718 1736 1788 voluntas,
1762 1736 1833 1791 quae
1856 1719 2057 1790 perspiritum
2075 1736 2138 1774 san-

444 1808 508 1866 dem
525 1809 562 1863 ad
581 1808 685 1863 malum
702 1808 852 1878 piusquam
870 1806 950 1878 proni
967 1823 1000 1860 ae
1019 1805 1156 1883 proclives
1175 1810 1381 1872 sumus,.etum
1407 1803 1511 1859 talibus
1536 1805 1634 1860 mediis
1662 1806 1751 1876 possit
1779 1805 1934 1874 immutari,
1964 1822 2020 1860 non
2045 1815 2139 1861 autem

445 1895 590 1966 Scriptura
613 1900 642 1950 et
669 1892 838 1964 experientia
861 1898 946 1961 teste,
975 1892 1024 1947 sed
1048 1908 1104 1945 non
1133 1907 1280 1961 possumus
1306 1890 1381 1960 quod
1413 1890 1475 1961 ipsa
1503 1891 1632 1946 voluntas
1664 1892 1722 1946 suis
1750 1891 1856 1947 viribus
1889 1891 2045 1948 salutariter
2079 1892 2142 1947 istis

442 1981 548 2053 aliquid
575 1981 642 2037 boni
670 1981 793 2051 cogitare
815 1997 849 2034 ex
871 1979 950 2034 nobis
975 1984 1109 2049 tanquam
1131 1995 1165 2032 ex
1189 1977 1279 2031 nobis.
1306 1975 1402 2032 mediis
1437 1977 1479 2031 uti
1516 1994 1550 2032 ae
1584 1977 1689 2048 Spiritu
1726 1985 1822 2034 sancto
1862 1977 2004 2049 cooperari
2044 1979 2143 2049 possit.

441 2068 606 2124 Ambrosius
623 2067 685 2122 libr.
707 2073 732 2122 2.
750 2067 785 2122 de
802 2072 892 2121 vocat.
912 2070 988 2137 gent.
1008 2081 1033 2119 e.
1053 2070 1082 2119 9:
1110 2063 1189 2117 Licet
1212 2063 1279 2116 insit
1291 2086 1292 2091 ¹
1304 2065 1331 2117 3.
1349 2064 1441 2116 Locus
1461 2063 1543 2118 Dent.
1557 2069 1598 2120 30.
1620 2064 1745 2133 loquitur
1762 2083 1817 2119 non
1835 2066 1871 2118 cle
1882 2065 2032 2131 facilitate
2050 2067 2144 2134 capni-

442 2154 550 2209 lsomiai
565 2155 641 2209 nolle
659 2155 769 2222 bonum,
792 2160 883 2206 tannen
900 2153 956 2204 nisi
974 2152 1107 2203 donatum
1123 2168 1179 2203 non
1197 2149 1280 2202 babet
1303 2148 1401 2218 tionis,
1419 2151 1472 2203 sed
1490 2150 1701 2206 observationis.
1735 2150 1960 2221 Respondemus:
1986 2149 2040 2205 hac
2058 2151 2095 2205 de
2113 2167 2144 2207 re

442 2241 514 2295 nelle
529 2242 637 2307 bonum,
654 2240 731 2293 illud
747 2239 886 2293 contrarii
902 2245 1007 2290 natura
1018 2252 1073 2306 per
1087 2236 1207 2304 culpam,
1227 2236 1279 2289 boc
1305 2234 1412 2290 dicetur
1431 2252 1481 2289 suo
1499 2235 1560 2291 loco
1579 2235 1607 2290 in
1627 2236 1788 2308 quaestions
1808 2235 1844 2292 de
1862 2236 1934 2308 legis
1952 2236 2121 2307 impletione.

443 2327 546 2397 recipit
558 2335 663 2380 amara
671 2342 726 2396 per
735 2325 868 2393 qratiam.
894 2324 1014 2395 August.
1028 2322 1056 2376 in
1068 2322 1180 2392 Soliloq.
1193 2339 1217 2376 c.
1234 2329 1277 2377 15:
1341 2327 1383 2378 ts.
1409 2320 1516 2386 Quarta
1534 2321 1630 2378 elassis
1649 2323 1855 2394 seripturarum
1874 2323 1998 2379 continet
2016 2341 2050 2379 ea
2067 2324 2142 2379 testi·
2155 2322 2179 2364 ⁴·
2193 2323 2258 2375 0⁸⁸·

446 2414 529 2479 0²⁴0&
546 2412 649 2480 “vidis
672 2412 731 2476 suit
750 2427 782 2463 en
801 2427 856 2479 me,
880 2411 957 2480 qaod
974 2409 1097 2474 carreni,
1119 2409 1178 2474 fuit
1196 2426 1228 2461 ea
1244 2417 1277 2463 te.
1305 2407 1412 2477 monia,
1433 2425 1504 2476 quae
1522 2411 1628 2479 docent,
1646 2411 1739 2464 Deum
1756 2411 1840 2481 quasi
1854 2413 1986 2465 recedere
2006 2419 2032 2464 et
2051 2413 2143 2482 espla-
2157 2375 2258 2469 imi,

444 2498 583 2555 Aleuinus
601 2497 631 2551 in
657 2503 680 2552 4.
694 2496 797 2551 Psalm.
816 2495 934 2566 poenit:
953 2496 1113 2550 sordidare
1130 2512 1173 2548 mc
1187 2496 1279 2564 potui,
1305 2509 1386 2560 rore,
1407 2495 1478 2562 quid
1493 2495 1618 2550 homines
1630 2496 1762 2566 sociant,
1781 2504 1807 2550 et
1825 2514 1957 2565 quorsum
1976 2499 2074 2552 studia
2090 2517 2145 2553 suu
2158 2478 2258 2572 32:¹5⁸,

445 2587 498 2641 sed
515 2585 668 2638 emundare
684 2598 798 2652 raequeo,
821 2581 880 2634 nisi
895 2589 934 2650 tu,
955 2582 1078 2635 Domine
1090 2583 1169 2650 Jeeu,
1188 2582 1281 2634 sancti
1305 2587 1472 2633 convertant.
1507 2582 1589 2636 Daui.
1608 2587 1637 2638 8:
1658 2583 1779 2636 adclusit
1797 2585 1912 2637 teDeus
1923 2601 1980 2654 per
1996 2587 2144 2652 (inertum,
2158 2584 2235 2626 ΜΝ*

445 2670 593 2742 snnpssinis
610 2670 653 2722 tui
672 2668 833 2739 amasiam
850 2669 983 2721 mumdum
1000 2684 1044 2721 me
1057 2669 1168 2735 jacias.
1203 2667 1280 2739 Ergo
1304 2674 1334 2719 ut
1352 2673 1472 2721 minaret
1488 2674 1521 2735 tc,
1539 2676 1564 2721 et
1579 2676 1644 2722 nota
1656 2670 1760 2737 fierem,
1779 2687 1851 2738 quae
1867 2671 1899 2724 in
1917 2672 2011 2725 animo
2026 2680 2073 2726 tuo
2085 2689 2145 2725 rer-

389 2810 396 2821 ,
445 2763 561 2830 propter
579 2762 695 2810 naturae
722 2753 926 2825 corruptionem
948 2758 1041 2825 potest
1063 2753 1145 2808 homo
1164 2754 1280 2824 Spiritui
1304 2760 1412 2821 santur,
1424 2761 1516 2808 utrum
1529 2755 1686 2810 custodires
1698 2759 1834 2810 mandata
1846 2756 1926 2810 illius
1940 2775 1978 2810 an
1992 2775 2084 2813 none.
2098 2763 2144 2814 1³:

381 2828 383 2833 ¹
407 2828 414 2867 '²
444 2849 541 2900 sancto
561 2841 768 2900 conversionem
786 2841 912 2912 operanti
938 2840 1080 2909 resistere,
1104 2844 1196 2911 potest
1219 2857 1278 2907 vcr-
1306 2845 1391 2892 tentat
1413 2857 1461 2893 aas
1479 2841 1572 2904 Deus,
1600 2841 1763 2906 strideat,
1794 2861 1832 2896 an
1858 2844 1989 2911 dilipatis
2007 2862 2069 2898 ersrn
2088 2853 2145 2900 toto

443 2930 511 2987 bum
528 2928 583 2984 Dei
600 2928 744 2999 repellere,
761 2944 791 2982 se
809 2928 902 2998 ipsum
921 2927 980 2981 vita
1000 2933 1113 2982 aeterna
1134 2926 1279 2998 indignum
1305 2927 1399 2979 corde.
1434 2925 1475 2979 Ar
1491 2927 1603 2984 frustra
1627 2928 1788 2996 exploraret
1807 2929 1901 2995 Deus,
1928 2930 1999 2998 quid
2017 2931 2146 2985 bominac
2250 2914 2258 2923 ¹

441 3015 585 3089 judicare,
611 3015 660 3070 sed
678 3031 734 3068 non
753 3018 845 3085 potest
863 3013 907 3068 vel
925 3013 1085 3084 praevenire
1102 3013 1158 3066 suis
1177 3012 1280 3068 eonati·
1302 3012 1403 3078 facere
1426 3013 1526 3080 velint,
1551 3013 1608 3065 nebi
1625 3021 1739 3082 possent
1763 3029 1822 3066 rem
1846 3017 1961 3068 eandm
1984 3017 2091 3081 facere
2119 3024 2147 3071 st

442 3103 498 3159 bus
526 3101 644 3174 gratiam
675 3101 721 3156 vel
751 3100 873 3155 oblatam
904 3100 961 3153 suis
988 3098 1094 3153 viribus
1124 3106 1278 3168 acceptare.
1306 3116 1362 3152 non
1383 3099 1495 3167 secere
1533 3097 1757 3169 Respondemus:
1789 3105 1811 3154 l.
1834 3100 1919 3154 Dicta
1942 3100 1991 3155 ills
2017 3107 2046 3155 et
2071 3119 2148 3173 quae

445 3195 470 3246 3.
489 3187 581 3253 Quare
599 3205 632 3242 ex
652 3187 735 3241 dietis
756 3186 829 3255 illis,
853 3184 882 3239 in
908 3184 1009 3255 quibus
1027 3183 1130 3238 homini
1148 3184 1281 3240 tribuitur
1307 3191 1371 3238 sunt
1402 3184 1476 3238 iliius
1507 3185 1616 3258 generis
1642 3186 1723 3256 plura
1743 3185 1896 3257 loquuntur
1919 3186 1963 3241 vel
1986 3186 2021 3242 ds
2041 3189 2146 3243 renatis

446 3275 539 3346 eulpa,
558 3273 633 3344 quod
650 3289 700 3344 per
718 3273 811 3344 ipsum
828 3271 949 3339 steterit,
976 3288 1031 3342 quo
1055 3270 1147 3324 miuus
1169 3288 1280 3326 conver·
1306 3271 1350 3326 vei
1377 3271 1412 3327 de
1438 3287 1494 3326 non
1520 3271 1631 3327 renatis.
1674 3272 1704 3327 Si
1726 3272 1818 3344 prius,
1847 3278 1913 3328 sunt
1939 3290 1957 3328 a
1982 3275 2147 3345 quaestione

446 3378 495 3417 sus
512 3367 542 3415 et
558 3359 682 3414 salvatus
699 3357 797 3426 merit,
817 3375 873 3412 non
891 3357 975 3412 debet
992 3357 1102 3421 inferri,
1128 3359 1203 3428 quod
1220 3357 1281 3430 Spi·
1307 3358 1411 3427 aliena,
1441 3375 1532 3430 neque
1556 3359 1629 3414 enim
1652 3360 1824 3431 quaerimus,
1850 3376 1885 3414 an
1903 3377 1953 3431 per
1970 3360 2105 3431 Spiritum
2122 3379 2146 3416 s.

446 3446 513 3503 ritui
532 3450 630 3500 sancto
647 3444 677 3498 in
695 3443 874 3499 conversione
894 3444 1016 3515 potnerit
1038 3445 1084 3500 vel
1108 3444 1197 3514 possit
1220 3462 1281 3500 eoo·
1307 3445 1396 3499 renati
1421 3445 1529 3515 possint
1545 3445 1636 3500 Deum
1656 3446 1773 3517 diligere
1791 3448 1949 3502 totocorde
1969 3453 1997 3502 et
2013 3448 2147 3505 mandata

446 3532 539 3605 parari
557 3532 614 3586 suis
632 3529 753 3599 viribus,
780 3529 830 3586 scd
850 3527 903 3584 hoe
922 3534 1033 3584 tantum
1050 3529 1188 3602 sequitur,
1207 3531 1282 3601 quod
1307 3532 1368 3600 ejus
1386 3532 1533 3601 custodire,
1552 3533 1600 3587 sed
1622 3534 1657 3588 de
1677 3533 1852 3597 nonrenatis,
1872 3534 1940 3604 quid
1958 3533 1999 3587 illi
2013 3534 2146 3598 naturali·

446 3625 575 3678 naturam
600 3621 716 3689 peccato
744 3622 904 3688 corruptam
932 3632 965 3670 ex
993 3615 1089 3687 primis
1119 3617 1281 3688 parentibus
1307 3617 1360 3672 bus
1378 3617 1458 3673 liberi
1474 3619 1581 3673 arbitrii
1598 3618 1704 3675 viribus
1726 3619 1839 3690 possint
1876 3620 1904 3675 Si
1923 3621 2077 3690 posterius,
2095 3638 2147 3692 per

447 3706 582 3764 babendo
599 3720 633 3760 ac
652 3703 744 3759 media
763 3702 948 3759 conversionis
967 3702 1124 3774 respuendo
1141 3720 1171 3757 sa
1191 3703 1281 3773 ipsum
1307 3702 1379 3757 hanc
1396 3705 1578 3759 tentationem
1597 3712 1626 3760 et
1645 3704 1860 3776 explorationem
1879 3724 1936 3779 non
1952 3706 2148 3763 manifestatur

446 3794 529 3851 homo
547 3789 733 3847 conversionis
752 3796 781 3844 et
797 3789 895 3845 salutis
907 3788 999 3861 gratia
1015 3789 1281 3861 indignumreddat,
1309 3791 1444 3861 quaedam
1471 3790 1603 3865 δύναμις,
1632 3792 1681 3847 sed
1708 3797 1830 3847 extrema
1858 3792 1951 3863 potius
1977 3794 2146 3849 naturalium

446 3879 545 3954 marite
568 3876 655 3948 igitur
679 3878 793 3931 moueat
814 3874 915 3932 DRUS
938 3879 998 3929 tum
1021 3873 1182 3948 ἀδυναμίαν
1204 3876 1281 3931 illam
1308 3876 1407 3931 virium
1424 3875 1575 3951 ἀδυναμία,
1595 3878 1662 3949 quid
1676 3878 1891 3948 enimpoternnt
1907 3895 1963 3933 non
1981 3880 2069 3934 renati
2088 3880 2147 3934 suis

446 3949 597 4038 prinromm
614 3959 761 4033 parantum
785 3967 902 4031 peccato
922 3966 1083 4028 attractam,
1107 3966 1167 4015 tum
1186 3967 1281 4017 actua-
1308 3962 1426 4032 viribus,
1455 3980 1519 4017 cum
1545 3963 1597 4034 ipsi
1622 3964 1705 4018 etiam
1729 3966 1818 4019 renati
1838 3964 1929 4020 earnis
1946 3965 2079 4020 vetustati
2097 3966 2147 4021 ad·

385 4063 387 4068 ’
446 4050 502 4105 lem
520 4048 662 4102 hominum
680 4046 877 4119 pertinaciam,
902 4064 959 4116 qua
983 4046 1077 4101 oblata
1095 4048 1282 4103 conversionis
1307 4048 1362 4103 huc
1380 4050 1491 4105 obnoxii
1508 4050 1627 4120 turpiter
1645 4057 1775 4105 eomuant
1793 4058 1821 4105 et
1839 4050 2030 4121 collabantur,
2059 4053 2148 4109 sivel

446 4152 481 4192 ec
505 4134 606 4206 ,suetis
633 4133 724 4188 modia
749 4131 907 4202 repudiant
941 4132 1057 4203 Regerit
1081 4133 1281 4191 Bellarminus:
1307 4135 1450 4205 paululum
1469 4135 1588 4208 gratiam
1605 4153 1683 4191 suam
1696 4136 1773 4191 Deus
1790 4135 1942 4191 subtrahat
1966 4137 2147 4195 Bernhardus

447 4225 474 4277 2.
494 4217 636 4276 malitiam
654 4219 735 4272 illam
753 4235 786 4273 ee
804 4219 900 4287 primo
914 4227 1064 4287 parentum
1083 4229 1200 4294 peccato
1219 4239 1282 4276 con·
1307 4239 1387 4278 serm.
1409 4227 1449 4277 32.
1470 4222 1499 4276 iu
1517 4222 1613 4280 Cant:
1644 4223 1714 4284 Quis
1731 4224 1959 4293 credatparieti,
1976 4226 2049 4279 sisa
2067 4227 2148 4281 dicat

446 4315 567 4363 amram
585 4325 641 4361 non
666 4322 726 4359 esse
750 4304 863 4374 culpam
886 4306 937 4358 secl
956 4322 1086 4374 poenam.
1121 4306 1282 4377 Responde·
1303 4308 1452 4378 parturire
1478 4311 1604 4379 radium,
1637 4326 1717 4377 quem
1744 4308 1862 4379 susciprit
1887 4326 1943 4379 per
1967 4311 2148 4375 fenestram!

446 4411 523 4449 mne:
548 4392 610 4447 Hae
636 4390 745 4448 ratims
770 4395 890 4462 negatur
912 4390 942 4444 in
959 4391 1118 4447 universum
1136 4400 1281 4463 peecatum
1307 4384 1439 4449 Thomt.
1456 4402 1479 4451 2.
1498 4413 1524 4467 q.
1537 4402 1561 4451 l.
1574 4402 1624 4451 art.
1637 4402 1666 4451 4:
1685 4396 1858 4463 fidemsacit
1867 4396 1964 4464 pratia
1981 4415 2037 4451 non
2054 4398 2148 4454 solum

446 4480 570 4553 originis.
607 4475 786 4535 Ostendimus
803 4494 853 4531 suo
871 4477 932 4532 loco
950 4478 1202 4547 concupiscentiam
1220 4498 1282 4550 pra·
1308 4483 1422 4551 meando
1438 4484 1511 4547 fider
1527 4485 1561 4536 de
1577 4500 1647 4537 noro
1666 4483 1765 4553 incipit
1782 4499 1855 4551 esse,
1880 4483 1932 4536 sed
1948 4483 2033 4545 etiam
2049 4501 2148 4554 quiam-

446 4584 510 4622 ram
531 4568 591 4637 [per
611 4581 695 4637 qnam
713 4564 855 4635 apostolus
873 4563 970 4619 definit
983 4564 1117 4636 originale
1126 4568 1280 4638 peccatum]
1308 4568 1359 4621 diu
1372 4570 1450 4637 fides
1469 4571 1564 4623 durat.
1600 4571 1681 4623 Deus
1698 4585 1806 4638 semper
1824 4576 1956 4638 operatur
1972 4571 2149 4641 justificatio·

446 4669 507 4710 sese
530 4657 559 4707 et
577 4666 696 4722 posnam
714 4657 742 4706 et
761 4650 880 4721 culpam,
898 4650 982 4720 plane
1000 4649 1086 4721 igitur
1098 4651 1282 4724 Pelagianum
1308 4672 1370 4708 nem
1387 4655 1542 4725 bominum,
1565 4656 1636 4709 sicut
1659 4655 1704 4708 sol
1721 4672 1830 4724 semper
1850 4664 1983 4725 opertum
2001 4657 2148 4713 illumina-

446 4746 498 4810 est,
516 4739 591 4812 qnod
603 4737 656 4793 hoe
668 4737 729 4792 loco
743 4737 928 4791 Bellarminus
948 4736 1058 4791 scribit:
1082 4737 1160 4792 Sicut
1177 4740 1285 4795 bomini
1308 4742 1410 4798 tionem
1427 4742 1511 4796 airu.
1545 4746 1568 4797 2.
1587 4743 1643 4797 Per
1661 4741 1876 4812 explorationem
1893 4742 1969 4796 illam
1986 4742 2016 4797 in
2032 4744 2148 4815 quibus-

423 4824 553 4903 qinqnis]
571 4844 590 4879 a
614 4826 761 4879 nativitate
783 4841 865 4877 caeco
886 4842 943 4877 non
962 4832 1037 4878 recte
1056 4826 1118 4894 qais
1138 4826 1206 4880 sitio
1223 4844 1283 4881 ver-
1308 4827 1372 4880 dsm
1396 4826 1464 4882 locis
1487 4844 1542 4881 non
1566 4827 1733 4900 intelligitur
1759 4827 1866 4898 galias
1900 4827 2034 4894 desertio,
2066 4832 2148 4901 quasi

444 4920 490 4983 tet,
509 4913 536 4967 si
547 4914 619 4966 inter
629 4912 832 4965 ambulandum
846 4910 1019 4980 impinperet,
1038 4912 1150 4966 etiamsi
1163 4914 1283 4967 caemtas
1307 4913 1445 4968 hominem
1472 4913 1548 4969 Deus
1571 4931 1622 4968 sua
1644 4914 1737 4986 gratia
1758 4914 1868 4969 deserat
1892 4911 1937 4968 vel
1961 4930 2023 4969 eam
2039 4914 2147 4973 homini

443 4999 500 5056 illa
517 5017 550 5055 ea
563 5005 682 5070 peccato
702 4997 839 5069 oripinali
862 4999 1033 5051 descendat:
1060 4999 1101 5052 sic
1125 5000 1208 5053 etiam
1227 5019 1283 5055 non
1308 5000 1442 5072 deneget,
1464 5006 1495 5056 nt
1514 5008 1664 5073 appareat,
1683 5000 1749 5072 quid
1768 5000 1825 5054 suis
1843 4998 1948 5054 viribus
1965 5002 2070 5071 possit,
2097 5004 2147 5059 sed

446 5095 520 5143 recte
542 5095 714 5157 peccatores·
737 5086 1020 5156 reprehenderentur,
1047 5103 1108 5140 cum
1128 5097 1283 5158 praecepta
1307 5087 1445 5142 variarum
1464 5086 1653 5142 calamitatum
1669 5086 1816 5151 immissio,
1843 5101 1898 5158 qua
1914 5087 2051 5157 permittit
2068 5089 2147 5145 Deus

445 5174 544 5229 diuina
561 5175 819 5242 transprecliuntur,
840 5173 866 5225 si
884 5172 988 5243 absque
1002 5172 1092 5226 libera
1103 5176 1281 5229 consensione
1306 5173 1430 5228 homiues
1448 5172 1545 5245 affligi,
1564 5178 1597 5229 ut
1612 5173 1649 5228 ad
1666 5172 1806 5229 Christum
1822 5171 2033 5241 compellantur,
2052 5192 2147 5246 quem·

445 5276 478 5316 en
495 5260 559 5314 sola
577 5267 698 5313 naturae
717 5259 904 5330 corruptione,
925 5276 997 5329 quac
1015 5276 1048 5312 en
1061 5268 1178 5328 peccato
1192 5221 1456 5331 primiiadmodum
1480 5259 1553 5313 enim
1579 5259 1624 5313 lec
1651 5267 1690 5313 est
1716 5261 1903 5328 paedapopus
1927 5260 1969 5311 aci
1996 5259 2146 5332 Clsmnam,

443 5345 565 5402 bominis
587 5346 618 5398 in
640 5346 720 5400 nobis
741 5346 848 5413 lamet,
871 5352 1029 5416 praecepta
1052 5347 1174 5399 Domini
1193 5323 1370 5401 viola-'Gal
1390 5349 1419 5413 3,
1437 5362 1463 5397 v.
1482 5350 1527 5411 tt,
1554 5345 1594 5400 ita
1611 5345 1685 5401 mala
1702 5344 1764 5414 illa,
1782 5360 1854 5417 quae
1870 5360 1920 5398 nos
1938 5352 2082 5414 premunt,
2108 5348 2147 5403 ad

443 5441 514 5490 rent.
562 5429 729 5486 Invertimus
759 5439 852 5486 sutem
884 5431 973 5487 simile
1001 5431 1076 5485 istud
1108 5430 1161 5487 hoe
1191 5382 1397 5488 modoiDeum
1421 5429 1461 5485 ire
1484 5432 1661 5502 compellunt.
1696 5431 1811 5504 chcrit
1828 5430 2027 5487 Bellarminus:
2048 5438 2072 5486 1.
2091 5434 2147 5489 bac

445 5516 683 5587 Quemadmodum
709 5518 738 5572 in
763 5534 811 5587 ao,
844 5516 892 5590 qui
921 5517 966 5573 vel
996 5517 1210 5573 scortationibus
1237 5475 1294 5573 veli
1307 5517 1417 5571 ratione
1435 5517 1618 5571 nibilominus
1639 5519 1765 5573 stabiliri
1781 5518 1896 5572 liberum
1916 5518 2074 5573 arbitrium.
2112 5521 2148 5575 ss·

445 5607 583 5664 ebrietate
605 5603 651 5660 vel
675 5602 736 5658 aliis
760 5604 881 5676 peccatis
906 5604 1067 5660 caeeitmem
1088 5604 1140 5658 sibi
1159 5571 1294 5677 attraxit‚i
1307 5604 1379 5657 enirn
1392 5612 1513 5673 possunt
1530 5604 1653 5660 homines
1673 5605 1777 5674 afflicti
1793 5620 1929 5673 quaerere
1945 5606 2049 5673 Deum,
2069 5610 2148 5675 quod

444 5694 564 5749 caecitas
584 5697 613 5747 et
631 5690 714 5761 eulpa
733 5696 775 5745 est
793 5697 821 5746 et
838 5706 942 5761 poena3
968 5692 1009 5746 ita
1032 5691 1132 5746 misera
1149 5690 1198 5745 illa
1216 5710 1280 5762 pee-
1307 5699 1371 5745 ante
1392 5710 1449 5746 non
1465 5692 1623 5760 faciebant,
1649 5701 1722 5747 certe
1740 5693 1841 5746 babent
1858 5692 1976 5745 liberum
1993 5693 2147 5748 uoluntatis

444 5780 500 5835 enti
527 5779 644 5837 servitus
669 5794 721 5851 per
746 5776 880 5849 originale
901 5784 1047 5848 peccatum
1069 5777 1183 5849 propria
1199 5778 1280 5834 Adae
1307 5778 1463 5835 arbitrium.
1500 5777 1725 5849 Respondemus:
1745 5777 1917 5833 voluntatem
1935 5776 2055 5848 habent,
2073 5796 2145 5850 quae
