5017 6675
473 564 533 622 270
602 620 606 632 ,
1133 553 1258 613 Locus
1277 554 1505 613 UNDECIMUS

470 726 568 780 carpe,
586 709 637 778 qni
652 710 774 779 dormis,
792 726 847 763 non
867 709 1005 764 indicatur
1023 710 1090 781 quid
1108 709 1189 764 homo
1207 700 1304 779 possit,
1333 726 1383 761 ricc
1402 709 1515 763 DEUS
1532 709 1560 763 in
1580 710 1620 762 eis
1637 716 1811 778 operaretur,
1832 715 1863 762 ut
1879 709 1988 778 velunt,
2007 709 2081 764 inter
2092 716 2133 763 tot
2147 718 2176 763 et

471 794 521 849 sed
545 794 613 866 quid
636 795 714 849 Deus
732 794 897 864 ,efficacibus
915 795 969 851 illis
986 794 1220 851 admonitionibus
1241 811 1305 865 ope·
1332 801 1425 846 scruas
1449 796 1616 848 tentationes
1640 795 1801 858 infirmitate
1824 813 1877 849 sua
1895 795 2025 850 volumus
2048 813 2172 849 msccurn-

470 879 526 935 rari
546 881 573 933 in
591 879 702 936 homine
719 899 781 934 cum
798 881 887 950 possit
903 887 962 935 tum
980 882 1062 952 velit,
1087 882 1140 936 nisi
1164 887 1305 935 conturna·
1333 879 1412 933 beret.
1448 877 1491 932 Ex
1514 879 1616 951 quibus
1641 887 1670 935 et
1696 879 1832 936 similibus
1850 879 1917 935 locis
1943 880 2172 952 quamplurimis

472 965 541 1020 citer
558 966 712 1035 operationi
729 966 816 1037 ipsius
835 967 993 1036 resistatur,
1025 985 1097 1039 quae
1115 966 1226 1022 collatio
1244 965 1307 1018 ideo
1333 970 1411 1035 patet
1438 965 1618 1034 adjuvantem
1644 965 1764 1039 gratiam
1789 966 1826 1020 ab
1843 967 2002 1038 Augustino
2028 972 2096 1023 tunc
2114 967 2170 1037 pri-

470 1051 550 1106 nobis
568 1058 650 1122 grata
668 1068 728 1105 esse
746 1050 843 1116 debet,
866 1052 931 1123 quia
950 1053 1093 1124 Scriptura
1109 1052 1232 1108 homines
1251 1067 1308 1104 non
1335 1068 1410 1104 mum
1426 1050 1501 1122 poni,
1521 1051 1631 1121 quando
1650 1052 1709 1105 sine
1721 1052 1821 1108 veteris
1838 1052 1958 1108 hominis
1974 1052 2170 1124 cooperatione

471 1142 582 1192 muetos
599 1143 682 1191 vocat
703 1146 826 1190 inortuos
846 1139 875 1190 in
890 1142 1024 1208 peccatis,
1043 1138 1144 1210 prcs.
1167 1144 1190 1194 2.
1212 1137 1269 1192 Col.
1284 1141 1306 1191 2.
1335 1137 1426 1208 matis
1442 1137 1622 1206 praeveniens
1641 1144 1754 1208 operata
1771 1145 1813 1194 est
1830 1139 1915 1207 velle,
1938 1146 2005 1195 tnnc
2029 1140 2104 1194 enim
2121 1140 2170 1194 ad·

450 1229 500 1278 ·et
528 1222 653 1278 Christus
674 1222 737 1278 Joh.
762 1230 785 1277 5.
812 1225 1049 1280 resuscitationem
1079 1223 1249 1294 corporalem
1276 1239 1309 1276 ac
1331 1223 1427 1293 juvat,
1450 1240 1485 1278 ne
1504 1223 1607 1277 frustra
1623 1223 1748 1279 velimus.
1784 1225 1872 1280 Porro
1890 1225 1926 1279 ad
1944 1232 2068 1281 veterum
2086 1225 2171 1294 dicta,
2187 1231 2240 1271 vox

472 1309 643 1380 spiritualem
662 1310 822 1380 conferens,
846 1318 991 1382 utramque
1007 1310 1084 1367 verbi
1104 1311 1146 1364 sui
1167 1308 1309 1366 efficaciae
1335 1308 1484 1378 inquibus
1505 1309 1673 1378 adjutorium
1691 1309 1798 1381 gratiae
1816 1310 2007 1381 praedicatur,
2030 1319 2106 1367 recte
2125 1328 2172 1366 ex·
2183 1282 2254 1332 juvar

473 1395 502 1449 in
519 1395 637 1450 solidum
654 1396 795 1451 adscribit.
832 1395 901 1451 Inde
927 1397 1001 1468 quod
1021 1396 1140 1468 Spiritus
1160 1402 1272 1449 sanctus
1293 1411 1310 1447 a
1335 1393 1466 1462 plicando
1499 1395 1650 1449 notandum
1676 1400 1731 1462 est,
1769 1395 1843 1466 quod
1869 1394 1956 1451 verba
1982 1397 2172 1466 succurrendi,

472 1481 552 1536 nobis
574 1481 703 1552 requirit,
731 1482 760 1535 id
785 1499 841 1536 non
862 1483 916 1536 nisi
941 1483 1028 1554 ipsius
1051 1482 1144 1554 gratia
1161 1498 1211 1535 nos
1228 1498 1310 1552 posse
1336 1478 1502 1549 auxiliandi,
1527 1480 1680 1550 adjuvandi
1707 1486 1736 1535 et
1758 1481 1871 1551 similia,
1899 1483 2011 1553 quando
2029 1481 2106 1538 DEO
2124 1483 2174 1537 tri·

474 1567 683 1638 agnoscendum
702 1571 751 1620 cst.
786 1568 886 1624 darem.
911 1575 957 1637 31,
985 1588 1009 1623 v.
1035 1575 1078 1624 18:
1102 1567 1235 1621 Converte
1259 1583 1310 1632 me,
1336 1565 1469 1631 buuntur,
1493 1565 1568 1619 haud
1586 1583 1649 1621 raro
1666 1567 1779 1622 totalem
1799 1584 1911 1621 causam
1929 1568 2096 1638 exprimant,
2119 1585 2173 1624 nec

474 1654 604 1716 Domine,
624 1661 650 1706 et
669 1661 825 1721 convertur,
842 1644 893 1707 'uti
910 1656 1070 1708 convertisti
1085 1671 1134 1718 me,
1154 1654 1199 1722 cpi
1210 1653 1310 1721 poeni·
1336 1651 1447 1706 laudem
1465 1653 1633 1723 operationis
1655 1653 1726 1708 inter
1740 1653 1851 1710 DEUM
1870 1654 2035 1710 ethomines
2048 1655 2172 1725 partian-

473 1740 597 1796 tentiam.
633 1746 656 1794 2.
675 1738 793 1793 Timoth.
814 1746 841 1807 2,
858 1758 884 1793 v.
903 1745 949 1794 25:
975 1740 1010 1794 Si
1032 1741 1109 1808 forte
1132 1737 1246 1793 DEUS
1264 1739 1310 1790 det
1336 1743 1389 1790 tur.
1426 1737 1472 1793 Sic
1491 1738 1520 1792 in
1536 1738 1651 1809 psalmis
1674 1745 1703 1793 et
1723 1739 1865 1810 prophetis
1883 1739 2031 1796 subvenire
2048 1747 2077 1796 et
2096 1740 2174 1795 auxi-

473 1825 534 1880 uta
547 1826 757 1896 poenitentium.
776 1824 839 1881 Joh.
859 1831 882 1890 6,
899 1845 925 1881 v.
944 1831 991 1881 29:
1011 1826 1061 1880 hoc
1079 1836 1119 1880 est
1138 1843 1207 1895 opus
1222 1824 1309 1892 DEI,
1336 1822 1397 1876 liari
1409 1823 1486 1877 Deus
1503 1824 1605 1878 dicitur
1622 1824 1685 1893 illis,
1703 1843 1772 1897 quos
1791 1843 1825 1881 ex
1844 1826 1981 1897 ejusmodi
2000 1827 2175 1883 miseriarum

472 1920 503 1965 ut
526 1913 663 1980 credatis,
693 1919 744 1967 etc.
779 1911 863 1966 Adde
886 1913 959 1983 quod
986 1913 1014 1966 iu
1039 1912 1207 1983 quibusdam
1228 1908 1310 1963 dictis
1336 1908 1468 1964 barathro
1487 1910 1571 1976 eruit,
1596 1910 1625 1964 in
1645 1910 1746 1984 quibua
1765 1912 1853 1967 omnis
1873 1919 1964 1967 cessat
1981 1914 2105 1983 operatio
2121 1913 2175 1968 hu·

472 2016 523 2067 per
552 1999 757 2053 conversionem
782 1997 836 2052 Dei
854 1999 891 2052 ad
909 2016 959 2053 nos
983 2015 1038 2052 non
1056 1997 1221 2068 intelligitur
1238 1995 1310 2049 salu·
1337 2012 1418 2050 mana
1437 1996 1536 2051 etsola
1554 1996 1639 2052 solius
1661 1996 1728 2050 DEI
1747 1997 1834 2053 virtus
1848 2015 1909 2054 sese
1924 1997 2036 2070 profert.
2054 2000 2175 2055 Dictum

473 2082 540 2139 turis
558 2083 614 2138 illa·
626 2084 813 2139 conversionis
830 2084 935 2156 gratia,
961 2102 1018 2156 qua
1042 2083 1102 2154 ipse
1121 2101 1168 2138 cor
1185 2088 1310 2137 nostrum
1340 2087 1360 2136 1.
1379 2081 1502 2139 Corinth.
1525 2089 1564 2138 15.
1589 2083 1712 2154 loquitur
1738 2083 1832 2139 itidem
1856 2084 1892 2138 ds
1912 2084 2001 2139 Paulo
2023 2092 2120 2141 renato
2136 2103 2172 2140 ac

475 2169 511 2225 ad
527 2169 726 2241 poeniteutiam
744 2178 868 2235 revocat,
896 2171 945 2225 sed
962 2169 1113 2224 declaratio
1134 2169 1245 2224 divinae
1263 2168 1310 2223 be·
1337 2183 1476 2237 converso,
1497 2168 1610 2240 quisibi
1623 2169 1700 2233 nihil,
1719 2169 1829 2225 divinae
1843 2177 1936 2225 autem
1952 2170 2060 2242 gratiae
2077 2172 2172 2227 omnia

474 2255 619 2328 nignitatis
637 2256 666 2310 in
684 2256 851 2311 exhibitione
866 2254 1070 2325 beneficiorum,
1088 2272 1143 2326 qua
1155 2272 1215 2310 sese
1227 2254 1309 2309 bene·
1336 2253 1442 2320 tribuit,
1460 2254 1525 2308 dum
1544 2272 1574 2310 se
1586 2256 1678 2326 mutia
1690 2256 1744 2311 Dei
1762 2273 1830 2325 esse,
1848 2257 1981 2328 quodest,
1999 2257 2169 2327 pronuntiat

475 2342 567 2397 volum
593 2360 626 2417 ac
653 2340 804 2412 propitium
830 2342 972 2397 aversione
998 2358 1150 2412 poenarum
1178 2341 1310 2409 declarat,
1337 2338 1460 2396 Graecus
1479 2347 1571 2396 textus
1588 2341 1699 2412 proprie
1716 2343 1756 2396 sic
1773 2341 1872 2398 babet:
1891 2343 1962 2397 Plus
1981 2345 2108 2398 omnibus
2126 2344 2169 2398 lo·
2185 2356 2213 2400 v.
2228 2354 2254 2400 u

475 2428 708 2501 quemadmodum
743 2427 813 2482 iram
849 2445 928 2482 suam
957 2428 1078 2499 publicis
1105 2425 1310 2482 calamitatibus
1337 2428 1446 2497 boroni,
1466 2446 1520 2482 non
1540 2445 1589 2496 eqo
1608 2435 1708 2494 mmcn,
1727 2430 1779 2482 sed
1796 2430 1892 2497 qratia
1910 2431 1971 2483 Dei
1991 2429 2008 2497 ἡ
2027 2428 2081 2484 σὺν
2099 2430 2171 2504 ἐμοί,

475 2515 642 2586 quandoque
662 2513 957 2583 manifestatsderem.
982 2519 1023 2583 ts,
1050 2532 1075 2568 v.
1097 2520 1136 2570 lli.
1155 2515 1310 2569 conversio·
1336 2513 1442 2568 scilicet
1460 2509 1539 2583 οὖσα,
1559 2532 1630 2583 quoe
1648 2532 1759 2580 mecum,
1777 2515 1885 2569 seilicet
1902 2524 1943 2569 est
1961 2534 1996 2570 cc
2007 2517 2171 2587 suitgerus

473 2600 517 2654 nis
536 2617 590 2653 vox
607 2600 741 2671 accipitur
759 2599 795 2654 de
813 2599 904 2654 reditu
922 2599 959 2654 ad
977 2598 1099 2654 officium
1116 2599 1310 2672 propheticum
1337 2618 1380 2653 me
1400 2598 1499 2656 ἱκανὸν
1516 2602 1659 2669 reddidit,
1684 2618 1860 2673 nequaquam
1882 2619 1947 2657 vero
1973 2620 2046 2674 quae
2063 2622 2172 2661 mecum

473 2686 526 2741 rite
545 2686 764 2758 exsequendum,
785 2685 928 2764 promittit
957 2686 1029 2740 enim
1054 2686 1131 2740 Deus
1149 2685 1310 2758 prophetae,
1338 2702 1436 2756 operas
1454 2703 1518 2741 suas
1536 2695 1565 2744 et
1588 2688 1679 2759 operis
1696 2688 1807 2743 laudem
1830 2694 1873 2744 est
1898 2687 2016 2759 partita,
2042 2689 2070 2744 id
2100 2689 2173 2762 quod

475 2771 498 2826 si
522 2790 578 2827 non
598 2772 722 2844 patiatur
743 2771 863 2827 sinistris
887 2773 983 2844 populi
1007 2772 1123 2843 judiciis
1143 2790 1204 2828 sese
1221 2773 1311 2827 deter-
1338 2772 1475 2842 oppositio
1500 2791 1556 2828 non
1579 2791 1646 2847 ego,
1671 2774 1720 2829 sed
1743 2774 1835 2846 matis
1857 2773 1937 2845 DEI,
1964 2791 2038 2848 quae
2055 2793 2172 2842 mecum,

474 2859 540 2929 reri,
571 2858 620 2914 sed
642 2860 736 2931 potius
762 2859 791 2914 in
815 2858 908 2914 officio
932 2859 985 2914 sibi
1009 2858 1175 2915 demandato
1200 2864 1311 2912 suenus
1337 2859 1405 2914 satis
1436 2860 1538 2916 duone
1566 2860 1733 2932 comprobat.
1768 2861 1933 2917 Ambrosius
1957 2861 1986 2917 iu
2014 2869 2172 2919 comment:

473 2951 581 3017 pergat,
598 2945 658 3001 fors
675 2952 707 3000 ut
723 2944 844 2999 vicissim
861 2961 878 2999 a
896 2945 958 3001 Deo
975 2952 1146 3001 sustentetur
1163 2962 1196 3000 ac
1214 2943 1311 3000 confir·
1337 2948 1381 2999 Ne
1399 2962 1429 2999 se
1448 2947 1577 3000 extulisse
1589 2948 1736 3016 jactanter
1758 2956 1928 3018 putaretur,
1953 2949 2050 3002 statim
2077 2965 2107 3003 ae
2126 2948 2173 3003 iu·

473 3037 571 3086 metur.
606 3031 755 3087 Praeterea
771 3031 848 3086 dicta
872 3031 1009 3102 quaedam
1030 3029 1176 3087 manifeste
1193 3031 1311 3103 loquun·
1336 3031 1441 3100 miliat,
1467 3051 1528 3086 cum
1553 3033 1604 3086 boc
1630 3033 1721 3103 ipsum
1743 3052 1798 3087 non
1815 3035 1906 3102 mapir
1924 3034 1991 3102 eibi,
2021 3036 2075 3088 sed
2093 3034 2176 3089 DEI

473 3123 520 3172 tur
545 3117 581 3172 de
609 3123 746 3188 perpetua
770 3116 819 3172 illa
841 3117 918 3172 lucta
935 3118 1054 3188 Spiritus
1079 3125 1176 3173 contra
1198 3134 1310 3172 carnem
1335 3119 1447 3186 oratius
1469 3119 1615 3189 adscribit,
1632 3128 1663 3173 nt
1676 3137 1784 3190 amsper-
1796 3137 1904 3174 omnem
1917 3120 2039 3190 plor-ium
2049 3129 2174 3190 reportet

474 3202 503 3257 in
521 3203 637 3269 renatis,
661 3220 718 3275 qua
737 3204 827 3260 cunis
846 3203 1085 3276 concupiscentias
1105 3203 1258 3273 refrenant,
1283 3208 1311 3258 et
1336 3206 1378 3258 ud
1394 3205 1527 3263 DEUM,
1568 3205 1699 3260 Erasmus
1723 3206 1752 3261 in
1775 3213 1880 3261 annot:
1910 3207 2034 3276 Corripit
2053 3207 2174 3277 Paulus,

475 3287 515 3344 sic
533 3292 653 3345 veterem
670 3289 809 3346 hominem
827 3297 945 3361 eruunt,
958 3290 1033 3363 quod
1051 3290 1088 3345 ad
1104 3289 1228 3345 homines
1243 3305 1309 3344 non·
1337 3292 1515 3360 quodmodo
1535 3292 1656 3363 dmerut,
1674 3310 1704 3347 se
1718 3292 1785 3365 plns
1804 3293 1931 3348 omnibus
1942 3293 2099 3364 mmmm,
2117 3294 2172 3347 inm

475 3374 542 3430 dnm
560 3382 680 3443 renatos,
700 3377 749 3449 qui
765 3394 816 3433 nec
835 3378 900 3433 dum
912 3378 1048 3448 primitias
1062 3376 1181 3447 Spiritus
1199 3376 1310 3446 habent
1337 3376 1448 3448 (inquit)
1467 3395 1522 3431 non
1542 3396 1591 3447 eqo
1610 3380 1636 3432 ia
1652 3397 1726 3444 enm,
1750 3381 1799 3450 qni
1825 3382 1876 3434 hoc
1898 3381 1975 3449 feci,
2003 3382 2056 3434 sed
2077 3380 2172 3449 qratia

473 3461 546 3516 trahi
564 3479 741 3535 nequaquam
758 3470 859 3535 potest.
896 3464 1025 3536 Denique
1050 3464 1073 3517 si
1098 3481 1131 3519 ex
1158 3462 1212 3516 illis
1231 3479 1310 3533 prae·
1333 3464 1430 3532 potina
1447 3462 1542 3518 DEI·
1568 3482 1639 3533 qeins
1657 3465 1728 3519 miti
1743 3466 1837 3536 'affuit
1857 3474 1887 3519 ut
1905 3466 2108 3537 intelligamus,
2132 3475 2171 3519 to·

474 3549 563 3621 ceptis
582 3549 683 3604 virium
696 3549 878 3604 humanarum
896 3549 1079 3619 interiectum
1099 3567 1132 3604 ac
1151 3548 1309 3622 cremarat,
1336 3556 1393 3602 tum
1410 3549 1510 3603 hoc‘D
1543 3551 1728 3621 Oooceptum
1738 3552 1825 3619 ferri.
1862 3550 1967 3617 Quarto
1986 3550 2047 3607 loco
2066 3550 2254 3623 proferttnu

475 3632 595 3706 δύναμις
606 3635 770 3707 colligenda,
790 3642 921 3707 sequetur
938 3652 994 3690 non
1006 3634 1156 3705 cooperari,
1178 3635 1227 3690 ssd
1246 3652 1310 3705 ope·
1335 3634 1519 3690 Bellurminus
1537 3637 1614 3690 dicta
1633 3653 1705 3707 quae
1724 3644 1875 3706 testantur,
1893 3636 2031 3692 bominem
2049 3656 2068 3691 a
2086 3638 2171 3692 DEO
2184 3621 2254 3719 ,lm

474 3722 530 3777 rari
560 3722 642 3793 plane
672 3722 811 3777 hominem
840 3721 883 3776 sui
910 3720 1129 3789 conversionem,
1161 3728 1310 3792 antequam
1335 3729 1462 3775 coemam
1476 3739 1559 3791 posse
1578 3740 1633 3775 non
1656 3723 1759 3778 uenire.
1795 3722 1927 3778 Proverb.
1951 3728 1995 3779 11:
2015 3723 2121 3794 ccccvi,
2146 3731 2254 3816 “ff

475 3804 553 3863 Deus
570 3826 621 3862 sua
638 3808 729 3880 gratia
747 3808 783 3862 ad
801 3808 893 3879 ipsum
910 3811 1095 3877 convertatur,
1116 3806 1163 3878 qui
1177 3806 1310 3877 estipsis·
1336 3809 1478 3866 renuntia.
1513 3807 1613 3863 Matth.
1634 3814 1680 3864 23:
1707 3808 1786 3863 uolui
1808 3826 1978 3879 concrepare
1998 3810 2081 3879 filios
2096 3818 2167 3881 tuos,

345 3894 367 3938 ἃ
380 3895 449 3936 lm·
474 3892 560 3949 simus
578 3893 808 3964 Pelagianismus.
844 3893 941 3948 Tertia
966 3893 1061 3947 classis
1085 3899 1311 3965 argumentorum
1337 3903 1363 3948 ct
1381 3896 1504 3950 noluisti.
1541 3896 1637 3951 Actor.
1656 3902 1685 3950 l:
1710 3896 1762 3950 Vos
1779 3896 1908 3950 resistitis
1927 3895 2051 3966 Spiritui
2067 3904 2172 3966 sancto,

345 3955 398 4039 fidi
410 3957 436 4039 in
473 3978 753 4035 Bellarminianorum
790 3980 911 4033 continet
950 3996 984 4033 eu
1018 3980 1185 4048 Scripturas
1222 3980 1310 4043 dictu,
1336 3986 1387 4036 etc.
1424 3980 1650 4051 Respondemus:
1677 3978 1853 4036 Ostendimus
1872 3981 2012 4053 superius,
2035 3998 2092 4037 non
2111 3998 2171 4037 esse

347 4050 462 4152 ww
475 4083 548 4137 quem
573 4067 672 4119 docent
695 4083 746 4118 noa
772 4083 791 4118 u
808 4058 872 4120 Deo
889 4066 993 4134 juvari
1015 4064 1045 4119 in
1070 4066 1199 4136 operibus
1224 4066 1311 4136 boum,
1335 4082 1432 4137 parem
1456 4066 1603 4131 rationem,
1630 4068 1666 4121 ad
1692 4067 1875 4123 resistendum
1904 4067 1961 4122 suis
1987 4066 2040 4123 sibi
2066 4067 2171 4123 viribus

475 4150 617 4207 nonenim
632 4153 749 4222 proprie
759 4152 865 4221 juvari
878 4152 1013 4206 dicendus
1031 4161 1080 4222 eet,
1097 4152 1148 4222 qui
1158 4152 1230 4206 nibil
1242 4153 1310 4222 opit,
1336 4151 1454 4207 hominis
1473 4152 1601 4208 voluntas
1617 4151 1733 4222 sufficit,
1752 4153 1802 4209 sed
1818 4154 1854 4209 ad
1872 4151 2106 4227 acquiescendum
2124 4172 2171 4210 no·

475 4242 527 4294 red
543 4239 593 4310 qni
610 4239 723 4293 laboret
736 4238 766 4291 in
783 4239 901 4307 spendo.
936 4238 1012 4293 Psal.
1032 4242 1079 4293 26:
1099 4240 1218 4308 adjutor
1234 4256 1310 4293 meus
1335 4237 1376 4292 vis
1396 4238 1501 4294 viribus
1518 4238 1639 4311 indiget,
1665 4240 1736 4294 inest
1759 4240 1786 4293 ei
1808 4240 1884 4295 nolle
1902 4242 2017 4311 bonum,
2041 4242 2095 4293 sed
2113 4239 2171 4295 nisi

475 4343 505 4381 sa
522 4324 646 4381 mPsal.
661 4331 707 4381 69:
730 4325 861 4390 Domine,
879 4325 1128 4394 minorantem
1140 4341 1182 4379 me
1195 4326 1310 4390 festina.
1335 4326 1469 4379 donatum
1495 4343 1549 4379 non
1578 4326 1660 4380 babet
1685 4325 1756 4380 velle
1778 4327 1885 4384 donum.
1924 4325 2055 4384 Ambrae.
2083 4332 2107 4382 2.
2135 4325 2169 4382 de

473 4411 589 4468 Roman.
614 4419 642 4469 8:
672 4410 797 4481 Spiritus
822 4412 941 4482 adjuvat
963 4412 1154 4482 infirmitatem
1176 4420 1309 4468 nostrum.
1334 4417 1423 4467 vocat.
1440 4417 1515 4482 gent.
1534 4428 1558 4466 c.
1579 4417 1604 4467 9.
1831 4449 1840 4464 .

476 4505 497 4555 1.
517 4498 641 4554 Corinth.
663 4499 791 4568 rupem
809 4498 934 4552 omnibus
952 4498 1163 4567 intersiinus
1182 4516 1240 4567 eqo,
1259 4501 1311 4551 sed
1369 4502 1409 4553 83.
1447 4496 1491 4551 De
1512 4496 1594 4552 dictis
1618 4502 1755 4564 veterum,
1783 4513 1854 4569 quae
1871 4514 1894 4553 c.
1918 4503 1957 4553 ll.
1983 4497 2236 4554 Bellarminusnuu

472 4586 568 4654 pratia
589 4585 648 4638 Dei
667 4602 781 4639 mecum.
816 4582 1041 4655 Respondemus:
1069 4582 1102 4638 In
1127 4583 1202 4638 hisce
1227 4583 1309 4639 dictis
1334 4581 1426 4648 affert,
1450 4582 1479 4638 iu
1497 4599 1598 4656 genere
1616 4584 1722 4655 egimus
1746 4582 1886 4656 superius,
1907 4583 2042 4657 pleraque
2065 4585 2166 4657 omnis,
2181 4566 2254 4656 {iiiii

472 4670 566 4743 sgitvrr
586 4670 621 4726 de
641 4670 743 4724 renatis
763 4676 792 4725 et
815 4669 1005 4735 credentibus,
1035 4670 1082 4741 qui
1108 4687 1171 4724 cum
1195 4678 1309 4742 propter
1335 4684 1406 4741 quae
1429 4668 1563 4725 hocloco
1586 4668 1770 4733 cumulantur,
1795 4669 1869 4725 dicta
1887 4670 2050 4741 praesertim
2069 4672 2168 4745 Angu-
2181 4670 2254 4758 m

472 4755 660 4814 inhaerentem
688 4756 777 4811 carnis
804 4761 969 4813 venustatem
996 4756 1088 4811 adhuc
1116 4756 1216 4812 infirmi
1244 4758 1308 4828 sint,
1334 4754 1400 4809 stini
1423 4761 1560 4811 testantur
1582 4755 1653 4812 velle
1678 4773 1738 4811 esse
1761 4755 1911 4812 voluntatis
1934 4763 2046 4812 nostrae
2064 4764 2166 4827 sctum,
2182 4768 2254 4820 upum

472 4858 542 4918 opus
559 4843 664 4899 habent
684 4841 787 4898 auxilio
804 4848 832 4896 et
852 4840 1060 4898 confirmatione
1073 4842 1193 4912 Spiritus
1211 4844 1307 4898 sancti.
1335 4843 1410 4914 quod
1428 4860 1477 4898 nos
1495 4861 1551 4898 non
1569 4859 1719 4915 negamus,
1743 4841 1852 4898 interim
1876 4860 1909 4898 ex
1929 4842 1989 4914 ipso
2006 4845 2167 4917 Augustino
2181 4823 2239 4862 ΠΜ

472 4930 647 5005 Augustinus
665 4928 782 5001 primam
801 4927 985 4983 conversionis
1005 4928 1124 5000 gratiam
1152 4945 1208 4983 non
1226 4936 1309 4986 vocat
1334 4929 1476 5000 addimus,
1500 4947 1560 4985 esse
1585 4934 1679 4986 actum
1704 4928 1854 4985 voluntatis
1881 4948 1937 4985 non
1956 4930 2008 4986 sub
2027 4938 2168 4988 vetustate

472 5015 664 5090 adjuvantem,
697 5017 747 5071 sed
775 5014 1001 5087 praevenientem
1028 5021 1112 5087 atque
1138 5024 1307 5087 operantem,
1334 5018 1426 5073 adhuc
1444 5016 1619 5082 constitutae,
1638 5015 1687 5071 sed
1705 5033 1755 5087 per
1772 5015 1905 5087 Spiritum
1917 5023 2044 5073 sanctum
2055 5026 2168 5075 renatae

472 5102 520 5160 lib.
537 5110 561 5159 2.
579 5109 677 5160 contra
694 5104 763 5159 duas
782 5103 863 5174 epist
882 5100 978 5173 Pelag.
999 5120 1022 5157 c.
1041 5108 1073 5158 9:
1104 5104 1216 5156 Bonum
1238 5123 1308 5175 pro·
1335 5122 1367 5160 ac
1393 5102 1523 5159 renovari
1551 5107 1671 5174 coeptae
1699 5101 1746 5157 lib.
1766 5108 1789 5157 2.
1816 5101 1850 5156 de
1872 5119 1948 5175 pecc.
1972 5103 2061 5159 merit.
2085 5122 2109 5159 c.
2138 5109 2167 5162 5:

468 5190 593 5259 positum
610 5192 722 5261 quidem
740 5190 861 5260 adjuvat
877 5189 1043 5257 adsequens
1062 5188 1165 5257 qratia,
1187 5192 1239 5244 sed
1259 5209 1309 5244 nec
1334 5193 1433 5262 Ipsum
1460 5189 1576 5243 liberum
1605 5190 1754 5243 arbitrium
1779 5190 1821 5244 ad
1844 5191 1927 5244 DEI
1948 5190 2101 5261 qratiam
2118 5191 2168 5247 hcc

473 5276 564 5348 apuam
577 5286 655 5349 met,
674 5277 733 5331 nisi
743 5278 929 5347 praecederet
945 5275 1048 5345 qratia,
1065 5276 1189 5350 studium
1201 5295 1310 5347 quoque
1335 5285 1384 5347 eet,
1404 5278 1446 5329 ad
1457 5276 1517 5329 Dei
1532 5276 1608 5329 cuna
1621 5276 1762 5346 pertinere
1780 5295 1836 5330 non
1855 5277 1974 5347 ambigo,
1993 5294 2044 5331 nec
2062 5283 2169 5332 tontum

472 5363 602 5429 hominu,
620 5363 809 5434 quoddicitur
823 5363 929 5432 bonum,
947 5379 1009 5416 cum
1028 5378 1087 5415 esse
1107 5362 1238 5431 coeperit,
1256 5365 1307 5417 od·
1320 5325 1323 5410 i
1335 5371 1364 5416 ut
1383 5362 1435 5432 sit,
1458 5378 1553 5416 oerum
1578 5361 1661 5416 etiam
1689 5370 1718 5415 ut
1742 5362 1840 5416 bonum
1865 5363 1917 5433 sit,
1935 5363 1968 5416 id
1985 5368 2038 5428 est,
2065 5365 2108 5418 cd
2122 5366 2169 5432 fo·

466 5451 588 5523 juvotur
604 5450 715 5517 qratia,
742 5452 794 5503 sed
811 5449 969 5519 inspiratur
986 5449 1022 5501 ab
1039 5447 1106 5517 illo,
1131 5450 1167 5502 de
1191 5467 1245 5520 quo
1264 5450 1307 5503 di·
1335 5449 1436 5503 cs'endu
1460 5449 1598 5502 mandato
1623 5448 1743 5501 Domini
1769 5456 1960 5517 convertatur,
1987 5447 2021 5503 dc
2045 5456 2118 5522 grat
2144 5455 2170 5507 ct

473 5546 562 5594 cmm:
588 5534 703 5589 DEUS
721 5543 776 5603 ert,
801 5535 851 5604 qui
874 5542 1009 5604 operatur
1037 5535 1067 5587 in
1091 5534 1167 5587 vobis
1191 5534 1261 5588 velle
1282 5542 1308 5587 et
1334 5537 1412 5591 liber.
1431 5534 1524 5589 arbitr.
1545 5551 1568 5591 c.
1591 5539 1635 5589 16:
1655 5532 1766 5589 Certum
1788 5544 1827 5589 eet
1845 5553 1896 5590 noe
1913 5534 1992 5601 uelle,
2010 5552 2073 5589 eum
2091 5537 2167 5593 colu

467 5625 615 5695 perficere.
634 5619 669 5675 de
687 5628 803 5692 corrept.
821 5628 849 5677 et
866 5625 938 5693 grat.
956 5639 979 5676 c.
1003 5626 1047 5677 12:
1068 5618 1103 5673 Si
1121 5620 1151 5673 in
1168 5628 1248 5674 tanta
1266 5621 1308 5674 in·
1320 5661 1322 5684 ,
1335 5639 1409 5689 mus,
1434 5623 1485 5674 sed
1503 5619 1553 5674 ilie
1570 5628 1706 5690 spuatur
1723 5621 1794 5674 velle
1813 5629 1840 5675 ct
1852 5622 1990 5691 perficere
2004 5623 2168 5693 praebendo

432 5711 437 5724 ⁸
467 5710 604 5781 firmitate
626 5706 711 5780 nujus
735 5708 808 5762 ritae
831 5707 1801 5779 renutiarelinqnereturvoluntuajooiuntctiviresefficacissimos,
1822 5710 1930 5778 dequo
1950 5708 2088 5779 saeptum
2115 5716 2170 5765 eet:

472 5806 615 5868 reumata,
633 5803 662 5851 ut
682 5793 713 5847 in
731 5792 876 5866 adjutorio
895 5795 968 5864 Dei,
985 5794 1013 5847 si
1027 5793 1143 5865 cedent,
1168 5802 1307 5863 mannen·
1320 5843 1323 5863 ,
1336 5796 1416 5849 Dens
1433 5802 1567 5865 operatur
1583 5795 1614 5849 in
1633 5797 1712 5850 nobie
1732 5795 1802 5850 uelle
1822 5803 1848 5850 et
1862 5796 2007 5867 perficere.
2032 5793 2077 5853 De
2091 5813 2169 5872 prae·
