5017 6675
823 709 828 719 y,
880 651 1167 711 numeneus
1185 652 1237 709 ΕΤ
1253 651 1557 711 Rueuouauuouu.
2015 662 2054 720 id

353 802 412 858 resi
430 792 492 859 'Dei
519 801 636 859 verbum
664 804 797 862 ecclesiae
820 806 852 862 iu
877 806 978 862 illustri
1001 810 1062 863 1000
1085 807 1193 881 positae
1221 806 1321 863 0100100
1347 806 1415 864 dicit
1433 806 1535 863 1100010
1554 813 1586 879 3,
1608 824 1635 862 r.
1656 813 1694 863 11.
1722 813 1751 862 01
1771 811 1817 863 ¹8:
1845 803 2056 876 »1000010100οω

352 891 507 947 revelatum
525 889 677 962 inquirere:
706 891 845 964 siquidem
862 894 925 964 ipsa
941 895 1077 950 naturalis
1094 895 1194 951 notitia
1219 902 1245 948 10
1271 895 1342 948 dedi
1363 895 1461 949 domui
1483 894 1593 957 100αέ1,
1620 894 1721 947 sudus
1745 891 1833 961 iqitur
1861 892 1970 947 (10.000
1994 907 2056 947 meo

354 975 388 1032 do
412 975 458 1032 sui
480 974 690 1048 imperfectione
706 983 833 1034 testatur.
868 979 943 1034 Hinc
965 980 1034 1036 dicit
1050 981 1193 1052 apostolus
1218 981 1331 1035 0001000
1346 989 1373 1034 01
1390 981 1619 1037 admonebimus
1637 995 1697 1034 meo
1715 977 1833 1034 000100.
1871 976 2057 1035 0000010000

353 1061 417 1117 sict.
439 1068 485 1131 11,
504 1079 531 1133 v,
551 1066 599 1125 26,
619 1065 697 1133 quod
716 1066 857 1130 definierit
875 1067 990 1122 DEUS
1005 1076 1112 1121 statuta
1129 1075 1194 1121 tem-
1218 1068 1322 1146 impio:
1343 1068 1490 1121 mortrado
1517 1066 1661 1132 morieris,
1684 1072 1711 1118 et
1726 1082 1782 1119 000
1796 1063 1977 1119 admonueris
1994 1081 2057 1119 euos

350 1165 426 1218 pore
442 1154 470 1201 01
487 1149 873 1210 triumtabernarum.
892 1151 1194 1222 101ηιεῐνιὸνοεόν,
1219 1171 1270 1206 000
1290 1154 1398 1208 loeutus
1415 1154 1527 1222 fueris,
1549 1160 1580 1206 ut
1603 1159 1700 1205 caveat
1724 1152 1828 1220 impius
1851 1160 1878 1206 et
1898 1152 2015 1205 recedat
2035 1167 2057 1205 a

353 1241 382 1290 st
408 1241 550 1305 quoerant
566 1236 677 1305 Decem,
700 1236 728 1290 si
746 1240 823 1303 forte
848 1247 996 1295 attrectent
1020 1256 1082 1294 eum
1104 1247 1132 1295 et
1151 1241 1193 1294 ia·
1219 1241 1267 1293 uia
1289 1257 1348 1317 sua.
1365 1240 1467 1308 impia,
1490 1247 1521 1292 ut
1545 1239 1635 1293 sicat:
1659 1239 1720 1308 ipse
1744 1239 1847 1308 impius
1869 1239 1900 1292 s'rs
1916 1237 2057 1307 impietate

353 1320 475 1390 0001001,
491 1322 619 1390 mamers
633 1323 832 1392 0001009001
844 1327 881 1379 ab
892 1344 1058 1396 unoquoque
1069 1335 1193 1381 aostmm
1219 1343 1274 1379 sua
1293 1326 1444 1394 morietur,·
1463 1326 1628 1396 saaquimem
1653 1333 1745 1378 amem
1769 1325 1830 1393 ejus
1852 1325 1888 1377 de
1905 1341 1991 1378 mauu
2006 1330 2057 1377 tus

353 1414 420 1476 eta,
435 1406 488 1463 sed
505 1407 609 1464 ethnici
625 1407 679 1464 boc
698 1426 755 1465 non
771 1410 923 1478 fecerunta
933 1412 1001 1483 quin
1013 1413 1106 1484 potius
1123 1415 1194 1468 reri
1219 1412 1371 1481 requiram.
1408 1411 1495 1466 Vides
1516 1412 1608 1483 perire
1629 1411 1763 1484 quosdam
1783 1416 1896 1483 propter
1912 1407 2056 1481 negligen-

353 1502 436 1549 101000
463 1493 538 1564 Dei,
564 1494 594 1550 id
617 1502 673 1560 est,
699 1513 794 1553 reram
816 1499 943 1554 notitiam
967 1516 1001 1554 ar
1023 1499 1194 1571 inspectione
1221 1497 1288 1552 tiam
1314 1504 1472 1568 pastorum,
1501 1513 1519 1552 s
1545 1515 1661 1570 quorum
1678 1496 1807 1552 manibus
1824 1495 1989 1568 sanguinem
2008 1510 2056 1564 pe·
2090 1540 2093 1544 .

353 1586 545 1636 croeturarum
578 1580 778 1650 hauriendam,
816 1594 1020 1639 commutarunt
1046 1588 1194 1641 0000010010
1220 1585 1359 1639 reuutium
1378 1586 1502 1656 requiret
1518 1585 1668 1640 Dominus:
1694 1590 1723 1640 et
1738 1592 1832 1639 100100
1850 1582 1891 1638 ibi
1911 1598 1991 1637 uemo
2009 1578 2055 1636 vel

352 1665 430 1723 Rom.
458 1673 486 1736 1,
512 1684 538 1721 v.
563 1673 604 1725 25.
640 1667 763 1742 Ideoque
789 1678 854 1726 suut
877 1669 1083 1741 ἀναπολόγηιοι
1104 1690 1129 1727 r.
1154 1678 1194 1728 20.
1222 1671 1277 1726 Dei
1291 1670 1429 1740 justitiam
1447 1678 1563 1741 accusat
1579 1671 1623 1726 vel
1642 1671 1679 1727 sd
1699 1671 1855 1726 absolutum
1875 1666 1990 1739 aliquod
2008 1665 2056 1719 do·

355 1752 433 1820 Quod
451 1752 552 1808 sinon
568 1754 726 1824 potuissent
743 1756 802 1812 ullo
822 1757 905 1812 modo
923 1758 961 1813 ad
977 1774 1072 1813 veram
1090 1765 1119 1814 ot
1136 1759 1194 1828 ple·
1221 1762 1327 1812 cretum
1345 1755 1480 1827 confugit.
1515 1755 1561 1811 110
1576 1774 1696 1828 quoque,
1714 1756 1738 1811 si
1754 1757 1895 1827 aliquibus
1913 1753 2057 1808 auferatur

356 1856 417 1894 nsm
446 1838 505 1895 Dei
543 1841 729 1912 cognitionem
764 1843 903 1914 aspirare,
940 1843 1076 1899 haberent
1104 1843 1194 1899 adbuc
1222 1843 1336 1898 verbum
1363 1849 1477 1914 propter
1504 1842 1706 1915 negligentiam
1725 1844 1877 1913 majorum,
1900 1853 2056 1910 equorum

357 1926 429 1998 quod
447 1927 679 1999 praetenderent,
703 1930 777 2002 qnod
795 1931 899 1987 rectius
914 1930 1064 2002 percipies,
1089 1931 1113 1985 si
1131 1947 1195 1987 oon-
1222 1930 1349 1985 manibus
1370 1929 1535 2001 sanguinem
1555 1929 1729 2000 pereuntium
1745 1928 1847 1985 DEUS
1866 1925 1996 1998 requiret,
2016 1922 2057 1979 ibi

357 2013 460 2068 sidetes
478 2013 565 2069 rerba
584 2012 699 2070 Christi:
724 2015 789 2072 Job.
808 2022 848 2086 15,
865 2035 891 2071 r.
911 2023 958 2072 22:
985 2017 1020 2072 Si
1036 2035 1093 2072 000
1106 2020 1195 2073 00000-
1222 2016 1317 2071 itidem
1342 2030 1424 2069 nemo
1450 2014 1495 2070 sel
1513 2014 1567 2070 Dei
1586 2015 1726 2084 justitium
1750 2020 1863 2070 accuset
1886 2012 1930 2067 sel
1953 2011 1991 2066 ad
2008 2009 2056 2065 ab·

357 2117 409 2155 0000
423 2107 453 2155 01
469 2099 580 2155 bruas
596 2101 717 2165 fuissem
737 2103 779 2157 eis
800 2103 954 2172 [Judseis],
973 2112 1123 2174 peecatum
1139 2123 1194 2160 000
1222 2102 1344 2157 solutum
1369 2100 1482 2170 aliquod
1509 2100 1651 2156 decretum
1675 2100 1827 2172 confugiat.
1862 2097 2001 2165 Vicissim,
2020 2095 2057 2151 si·

357 2186 505 2243 1001000010
527 2203 601 2240 auae
628 2194 720 2242 001000
744 2191 947 2245 musonem
965 2209 1023 2246 aaa
1040 2192 1140 2245 1010001
1158 2194 1193 2246 de
1221 2193 1270 2244 out
1285 2187 1363 2243 Deus
1381 2187 1517 2258 quosdam
1532 2186 1615 2258 rapit,
1634 2187 1927 2257 oemalitiaipsorum
1942 2191 2058 2238 00001000

354 2281 470 2342 procoso
485 2289 547 2327 suo.
583 2277 623 2328 10.
642 2272 792 2330 observari
809 2282 839 2335 01
855 2276 909 2332 boc
926 2276 1017 2347 velim,
1038 2277 1113 2348 quod
1131 2277 1193 2333 libri
1221 2282 1318 2343 00101,
1356 2290 1421 2328 aere
1445 2275 1540 2344 fictio,
1577 2274 1628 2329 hoc
1661 2280 1718 2341 est,
1755 2271 1929 2345 hypocritiae
1958 2268 2058 2341 religio

357 2359 390 2417 V.
404 2359 440 2414 Τ.
464 2357 495 2415 10
512 2356 650 2414 Graecam
676 2359 801 2432 linguam
820 2361 904 2418 etiam
922 2363 1106 2419 antechristi
1124 2369 1193 2419 tem·
1221 2362 1349 2431 :prorum
1373 2361 1497 2414 amimam
1520 2361 1645 2431 decipiat
1663 2360 1729 2431 Sap.
1754 2366 1784 2428 4,
1806 2377 1833 2416 v.
1853 2365 1894 2415 11.
1927 2356 1972 2412 Ita
1990 2371 2056 2428 quo·

359 2462 425 2517 pora
453 2444 582 2500 conversi
606 2443 724 2500 fuerint:
752 2447 801 2502 illa
826 2454 920 2504 sutem
944 2449 1043 2522 lingua
1066 2450 1193 2505 omuibus
1221 2463 1277 2519 que
1294 2446 1429 2519 quosdam
1447 2445 1477 2501 in
1496 2445 1617 2501 infantili
1636 2453 1727 2502 aetate
1738 2444 1936 2516 Deusabripit,
1951 2460 1989 2500 no
2001 2442 2057 2497 imo

359 2529 490 2605 gentibus
516 2536 577 2587 erat
597 2531 759 2603 0011001000,
784 2539 857 2590 10010
875 2533 1008 2591 Cicerone
1024 2553 1076 2607 pro
1093 2536 1192 2592 Archa
1221 2535 1356 2589 scelerum
1385 2532 1518 2588 barathro
1548 2534 1669 2591 immersi
1695 2532 1844 2588 1010100100
1870 2546 1976 2602 poenas
2003 2525 2057 2583 sibi

362 2616 475 2672 Graeca
493 2618 525 2672 irs
541 2619 665 2672 omuibus
682 2620 746 2682 fere
756 2622 883 2689 pentibus
894 2623 1035 2692 10900100.
1067 2621 1193 2695 Itemque
1221 2619 1409 2676 accumulent:
1436 2619 1503 2692 quia
1527 2637 1637 2689 000000,
1663 2618 1863 2690 quecoroneis
1887 2617 2057 2672 uoluntatem
2161 2640 2165 2649 ·
2195 2644 2200 2655 ·

359 2704 440 2773 illud,
471 2701 550 2774 quod
577 2702 606 2757 in
636 2709 755 2775 quatuor
781 2707 980 2777 potentissimis
1008 2714 1036 2764 et
1064 2708 1193 2764 universo
1221 2708 1340 2762 Domini
1364 2714 1390 2760 et
1415 2724 1471 2760 000
1491 2707 1680 2777 praeparauit
1702 2723 1732 2759 se
1748 2722 1799 2759 000
1816 2705 1888 2769 fecit
1904 2704 2057 2757 00000ιά000

358 2790 415 2849 orbi
438 2788 600 2862 notissimis
616 2790 783 2847 monarchiis
801 2794 894 2849 sedem
915 2793 1045 2851 babuerit
1068 2794 1192 2850 ecclesia
1219 2794 1391 2848 uoiurtatem
1413 2794 1488 2863 ejus,
1512 2794 1657 2862 vapulabit
1676 2792 1777 2845 multis.
1815 2789 1885 2845 Luc.
1909 2795 1949 2852 12,
1966 2807 1992 2843 v.
2010 2794 2055 2845 st:
2169 2792 2175 2803 ⁸

358 2883 395 2935 11.
411 2876 555 2946 Tempore
575 2875 624 2930 uis
648 2876 821 2948 ignorantiae
845 2878 983 2950 ὑπεριδὼν
1006 2879 1021 2936 ὁ
1046 2883 1111 2941 θεὸς
1132 2889 1192 2936 100-
1223 2881 1280 2943 Qui
1300 2888 1391 2934 aretem
1415 2897 1472 2933 000
1490 2880 1616 2948 coguovit
1635 2878 1754 2947 etfacit
1770 2878 1860 2947 diana
1872 2875 1984 2945 piaqie,
2007 2892 2056 2928 oa·

358 2963 418 3021 dem
441 2979 495 3034 per
520 2961 660 3034 apostolos
684 2965 861 3022 annuntiavit
878 2967 1006 3023 omnibus
1021 2966 1192 3034 bominibus,
1220 2967 1330 3036 putabit
1345 2967 1449 3035 paucis
1466 2970 1552 3022 018.

359 3056 387 3106 01
409 3047 613 3121 poenitentiam
637 3055 755 3120 agerem
774 3052 880 3121 (Actor.
900 3058 940 3122 11,
958 3057 1074 3121 0311),
1097 3059 1125 3109 et
1143 3071 1194 3124 per
1258 3058 1315 3108 136.
1349 3051 1405 3109 Sed
1424 3052 1528 3121 demus,
1546 3051 1574 3105 in
1592 3049 1637 3105 bis
1655 3055 1683 3105 01
1700 3048 1836 3104 similibus
1849 3045 2056 3118 exemplisspe·

358 3135 548 3193 diversitatem
577 3134 736 3206 linguam
766 3142 929 3193 cunctarum
955 3144 1052 3209 gentes
1079 3138 1109 3194 in
1133 3139 1192 3194 uui·
1220 3139 1340 3196 cialibus
1368 3154 1423 3193 non
1452 3155 1535 3209 posse
1564 3154 1614 3193 nos
1644 3141 1741 3193 exacte
1773 3153 1871 3192 000000
1899 3134 2057 3191 divinorum

357 3228 441 3280 101010
465 3220 534 3277 fidei
559 3222 755 3293 congregarit,
788 3224 858 3280 odeo
886 3230 918 3279 ut
940 3225 1024 3296 juxta
1048 3224 1194 3281 infallibile
1221 3225 1398 3282 consiliorum
1430 3225 1574 3298 exquirere
1603 3224 1649 3280 rel
1676 3240 1846 3295 proponere:
1879 3239 1936 3277 non
1962 3227 2057 3278 101000
2081 3238 2092 3286 ζ

356 3307 438 3367 Pauli
456 3305 773 3376 testimoniutholoss.
795 3315 817 3380 1,
835 3327 860 3365 r.
881 3313 916 3378 6.)
934 3311 1053 3367 Verbum
1064 3312 1194 3367 00010110
1223 3311 1258 3365 sd
1286 3311 1446 3369 absolutum
1468 3311 1583 3385 aliquod
1607 3311 1808 3384 reprobationis
1833 3310 1977 3366 decretum
2004 3306 2058 3366 crit

357 3396 537 3465 0000090ὶὶ000
557 3395 647 3464 fuerit
671 3396 702 3450 s'a
725 3397 853 3451 universo
870 3401 974 3453 muodo
995 3406 1021 3453 et
1030 3400 1193 3469 fructifica·
1221 3398 1451 3471 confugiendum,
1485 3400 1536 3455 sed
1567 3398 1766 3455 adhaereamus
1794 3396 1909 3453 firmiter
1937 3412 2057 3467 pronun·

356 3483 434 3539 serit.
491 3479 523 3538 Si
556 3498 623 3553 ergo
639 3482 755 3553 'posteri
788 3500 898 3554 eorum,
936 3484 1038 3556 quibus
1069 3492 1194 3557 tempore
1221 3486 1375 3542 110110101ἰο
1396 3484 1611 3543 universalibus:
1635 3486 1715 3539 Deris
1731 3484 1791 3538 uuit
1814 3500 1908 3537 omnes
1933 3482 2057 3538 bomiaes

356 3567 732 3641 apostolorumevangelium
745 3569 944 3639 praedicatum,
961 3588 1111 3643 progressu
1124 3578 1192 3626 tem-
1220 3573 1314 3627 001000
1346 3574 1411 3638 fieri
1444 3582 1471 3627 et
1506 3574 1547 3627 ud
1581 3571 1752 3640 aqaitiomem
1785 3570 1913 3625 rerismie
1943 3570 2056 3624 000100.-

356 3656 429 3727 poris
453 3652 533 3709 verbi
555 3653 700 3710 veritatem
723 3654 887 3723 amiserunt,
910 3661 940 3711 et
963 3673 1042 3711 suam
1061 3664 1091 3712 et
1108 3659 1193 3729 majo·
1225 3660 1293 3714 Viso
1318 3676 1383 3727 eqo,
1408 3659 1474 3712 uolo
1500 3667 1615 3712 mortem
1640 3656 1797 3720 morientis,
1820 3656 1890 3710 dicit
1915 3655 2056 3711 Dominus

356 3759 416 3795 rum
446 3745 581 3795 accusent
608 3740 822 3812 negligentium:
852 3759 909 3797 uon
940 3750 1033 3798 sutem
1063 3744 1194 3799 allatrent
1220 3751 1272 3799 etc.
1307 3743 1385 3824 Bone
1402 3743 1550 3798 Fulbcrtus
1569 3743 1728 3814 episcopus:
1746 3742 1974 3810 Messanam,
1994 3733 2057 3798 cusi

351 3826 409 3884 'Dei
426 3826 555 3883 vocantis
573 3824 802 3883 misericordiam:
820 3827 873 3883 Est
889 3828 964 3884 enim
979 3835 1105 3886 sanctum
1115 3831 1190 3887 verbi
1220 3830 1334 3885 diuisae
1360 3830 1554 3899 dispositionis
1577 3848 1681 3885 causes
1700 3845 1756 3899 per
1780 3846 1810 3882 se
1836 3830 1973 3893 0110001000
1999 3846 2056 3884 uos
2116 3858 2119 3862 ·

358 3912 516 3986 depositum
539 3912 653 3984 quidam
679 3912 827 3968 theseum
846 3913 1072 3971 inaestimabilis:
1093 3916 1118 3969 si
1144 3916 1192 3988 qui
1218 3932 1327 3986 semper
1364 3917 1457 3972 ualeat
1464 3937 1477 3982 ,·
1520 3918 1561 3970 ad
1595 3917 1664 3985 boc,
1707 3916 1785 3986 quod
1821 3914 2055 3985 comprehendere

357 4001 432 4058 illum
449 3999 601 4073 repudiant
619 4006 649 4055 et
667 4000 813 4069 amittunt,
831 4000 914 4056 etiam
929 4008 1057 4072 posteros
1075 4018 1139 4057 suos
1160 4018 1192 4059 eo
1220 4019 1276 4055 000
1300 4002 1387 4071 00101,
1408 4010 1566 4057 reverenter
1585 4018 1718 4058 araneae
1735 4002 1939 4071 disputatioms
1958 4000 2054 4055 oeulos'

357 4087 481 4158 privant,
510 4102 566 4159 quo
592 4085 703 4142 nomine
728 4087 883 4158 graviorem
900 4086 963 4144 Deo
981 4088 1101 4144 reddent
1126 4089 1190 4143 olim
1219 4088 1357 4169 cauam„
1473 4093 1479 4102 '

358 4174 505 4241 aarum,
522 4179 552 4229 01
570 4178 713 4245 repetetur
732 4173 768 4228 ab
787 4174 909 4245 ipsorum
928 4173 1057 4231 manibus
1077 4176 1191 4248 eangua
1256 4180 1313 4234 131.
1357 4174 1458 4232 Placet
1483 4174 1576 4231 serbis
1604 4172 1745 4229 Ambrosii
1770 4172 1943 4243 propositum
1971 4189 2053 4244 argu·

358 4261 500 4317 universae
518 4258 696 4331 posteritatis,
714 4261 789 4332 quod
804 4261 902 4317 merito
920 4268 1053 4319 terrorem
1066 4262 1191 4320 incutere
1219 4269 1341 4318 mentum
1364 4260 1477 4317 uberius
1500 4261 1654 4328 declarare:
1677 4259 1700 4312 is
1723 4258 1872 4331 distinguit
1898 4257 1971 4313 inter
1989 4274 2053 4329 gra-

359 4347 472 4412 ‹lsberet
498 4346 603 4403 securis
627 4346 706 4403 serbi
729 4347 955 4404 contemtoribus.
1004 4355 1043 4405 11.
1071 4350 1101 4406 si
1125 4366 1190 4405 vero
1218 4350 1285 4405 tiam
1308 4348 1361 4403 Dei
1387 4347 1512 4404 vocantis
1538 4344 1721 4400 universalem
1746 4352 1775 4400 et
1797 4345 1869 4400 inter
1895 4343 2050 4400 mumdum

360 4434 485 4504 exempla
504 4432 641 4488 minutum
659 4433 687 4487 in
704 4433 862 4506 gentilitate
882 4440 1010 4491 natorum
1028 4435 1192 4502 afferuntur,
1218 4453 1251 4491 sc
1286 4433 1402 4506 proinde
1433 4451 1489 4489 non
1519 4431 1697 4486 scrutandam
1726 4430 1878 4486 voeationis
1910 4430 2053 4501 dispensa·

359 4521 392 4575 sd
413 4538 449 4577 ea
471 4526 502 4576 et
520 4519 623 4575 similia
638 4521 851 4591 respondemus:
875 4522 985 4591 judicia
1001 4521 1056 4578 Dei
1075 4520 1192 4594 possunt
1218 4522 1328 4577 tionem.
1360 4519 1406 4576 Sic
1424 4520 1496 4576 enim
1516 4517 1613 4573 scribit
1629 4517 1677 4573 lib.
1699 4522 1720 4573 1.
1738 4517 1774 4572 de
1792 4522 1969 4589 rocatgent
1983 4533 2007 4573 c.
2023 4522 2054 4573 1:

359 4623 415 4663 esse
437 4606 563 4673 occulta,
587 4622 730 4676 nunquam
752 4622 818 4662 vero
843 4607 961 4679 injusta:
985 4609 1073 4664 multa
1090 4610 1120 4665 in
1139 4610 1191 4667 boe
1219 4609 1393 4663 Multimoda
1415 4607 1576 4676 quaestione
1597 4605 1728 4659 00010100
1746 4622 1800 4684 per
1817 4612 1858 4659 101
1872 4603 1998 4675 populos
2018 4619 2052 4658 oo

359 4693 501 4749 tmuium
536 4692 628 4763 capite
660 4699 726 4750 sunt
754 4692 836 4749 nobis
865 4694 1133 4767 imperuestigubilia
1162 4697 1190 4751 in
1218 4705 1343 4765 tempora
1366 4694 1477 4762 pretias
1496 4693 1556 4747 Dei
1578 4709 1667 4746 eausa
1685 4693 1847 4762 quaeritur:
1873 4689 2053 4747 00001100

358 4779 460 4835 lumine
486 4784 603 4835 naturae
627 4784 656 4834 01
678 4778 801 4850 gratiae,
823 4796 896 4852 quae
914 4780 1065 4852 aliquando
1081 4781 1191 4853 plenius
1218 4780 1405 4836 anterioribus
1429 4779 1531 4833 seorsiis
1557 4778 1693 4833 dimissae
1713 4778 1770 4831 sire
1789 4793 1881 4831 omnes
1898 4783 1992 4844 000100,
2010 4775 2051 4829 ia·

358 4881 554 4938 cognoscemus
580 4864 610 4919 in
635 4864 739 4922 lumine
761 4865 875 4938 gloriae.
920 4866 968 4921 Illi
992 4866 1046 4937 ipsi
1070 4866 1192 4923 infantes
1217 4867 1302 4935 predi
1322 4865 1385 4919 uiae
1401 4880 1483 4935 suae,
1508 4880 1564 4919 urso
1583 4872 1691 4918 tontum
1709 4863 1831 4931 Israile,
1854 4862 1904 4930 qus·
1920 4859 2052 4914 dirimitur

358 4968 412 5008 non
431 4958 543 5008 1001010
559 4950 724 5023 originalem
740 4969 834 5009 secum
850 4952 966 5008 nabunt
982 4969 1000 5008 a
1019 4953 1189 5022 parentibus.
1218 4952 1387 5019 erudiretur,
1406 4959 1517 5019 excepto
1536 4958 1562 5003 et
1573 4950 1809 5018 0000001110ωο
1820 4947 1947 5002 matie
1959 4946 2055 5015 eleeto,

356 5039 404 5094 sed
431 5038 517 5094 etism
543 5054 561 5093 a
587 5036 691 5092 nubas
716 5045 869 5095 nascuntur
893 5038 1061 5110 majoribus,
1089 5039 1191 5111 quibus
1217 5040 1299 5107 cujus
1321 5037 1478 5107 infidelitas
1500 5035 1593 5091 lacum
1615 5036 1729 5090 10001001
1753 5033 1901 5087 salvandis
1926 5031 2054 5100 pentibus

357 5123 434 5182 ost·
465 5122 618 5196 pretiosum
648 5121 726 5178 vorbi
751 5124 796 5179 sui
820 5125 978 5196 depositum
1003 5126 1040 5181 ed
1067 5133 1192 5197 posteros
1214 5125 1328 5193 fecerit,
1347 5132 1481 5192 tauquam
1497 5123 1525 5176 si
1543 5139 1616 5176 uuus
1627 5120 1754 5190 populus
1774 5118 1804 5171 ia
1814 5118 1934 5187 fideres·
1943 5119 2054 5186 perieris
2161 5160 2169 5172 ,

359 5211 441 5268 etism
459 5209 683 5282 propagandum,
703 5216 733 5265 01
751 5217 1000 5281 sacraments„per
1017 5228 1090 5284 quae
1107 5212 1192 5267 etiam
1218 5217 1400 5281 perueruerat,
1419 5208 1616 5264 00100100ναὶ0
1629 5206 1690 5261 Dei
1705 5204 1826 5259 00010010
1844 5204 2004 5259 raonem
2024 5221 2054 5259 se

357 5296 436 5354 liberi
459 5290 584 5368 ipsorum
610 5297 640 5351 in
660 5295 779 5368 gratiam
796 5296 852 5353 Dei
872 5297 959 5369 recipi
977 5303 1099 5368 possem,
1118 5315 1191 5353 com·
1214 5305 1365 5366 proestare
1384 5296 1569 5364 0000000011
1586 5310 1636 5348 cur
1654 5291 1773 5360 denique
1790 5290 1856 5359 ipsi,
1874 5307 1992 5359 quorum
2010 5291 2053 5346 di·

357 5383 545 5440 mandauerat
594 5382 746 5438 Parentum
781 5399 847 5454 ergo
882 5390 1013 5454 0000010,
1051 5401 1106 5439 non
1137 5384 1191 5439 Dei
1218 5382 1335 5436 minutia
1354 5380 1433 5436 salus
1449 5380 1575 5449 pertibus
1592 5385 1648 5445 est,
1666 5376 1701 5429 ab
1720 5376 1912 5430 occaecatiore
1930 5395 1983 5431 000
1998 5394 2054 5431 aaa

354 5469 492 5539 justitiam
514 5474 544 5525 et
571 5467 787 5524 misericordiam
805 5475 945 5525 accusent.
980 5469 1079 5540 Neque
1097 5469 1192 5524 imme
1219 5469 1371 5522 liberatur
1388 5468 1488 5537 prius,
1513 5482 1598 5536 quam
1624 5462 1804 5531 iaqreds'atur
1824 5463 1948 5530 peruium
1962 5462 2054 5531 pleri·

357 5556 408 5612 rito
427 5554 603 5626 requirimus,
619 5560 652 5608 ut
669 5559 760 5611 certos
776 5569 829 5609 uos
845 5555 965 5611 reddant
981 5556 1051 5611 sales
1069 5554 1192 5626 disputa-
1218 5556 1301 5623 tudo,
1325 5554 1408 5622 quasi
1431 5550 1592 5606 illuminari
1610 5566 1671 5603 cum
1689 5548 1815 5603 omas'dus
1831 5556 1981 5617 00000001,
2005 5547 2056 5614 qui

289 5631 444 5710 ι0010000,
470 5640 535 5695 11100
564 5640 699 5707 infantes,
734 5640 759 5693 si
784 5640 976 5710 pervenissent
1003 5641 1040 5695 ud
1068 5640 1193 5697 01011000
1219 5657 1313 5695 omues
1336 5643 1419 5706 foeta
1447 5638 1569 5692 ommium
1594 5634 1717 5703 qeatium
1743 5634 1896 5703 adoptione
1922 5631 2056 5685 salvandi
2101 5711 2106 5719 Ι

353 5733 489 5796 00101010,
514 5726 611 5783 oblata
626 5725 682 5781 Dei
705 5724 841 5782 beneficia
863 5725 951 5782 fuisse
975 5731 1135 5798 recepturos
1157 5744 1192 5783 ae
1218 5728 1375 5782 00011001
1399 5725 1538 5794 quomodo
1562 5722 1653 5776 amuis
1670 5720 1766 5775 Israel
1792 5720 1905 5774 subiato
1922 5718 2054 5771 0100000-

356 5830 412 5872 uon
436 5812 530 5884 potins
550 5817 670 5883 peccata
692 5818 840 5884 parentum
862 5811 1025 5868 imitaturos.
1053 5812 1192 5869 Dominus
1218 5815 1293 5869 tione
1313 5812 1469 5867 0010000100
1488 5808 1541 5876 sit,
1567 5808 1649 5877 eujus
1672 5805 1885 5862 10000οὠ1100
1905 5802 2054 5859 mults'tudo

346 5895 1191 5977 'mmuamaursurssooamsnuueosse
1217 5899 1249 5956 ia
1272 5914 1327 5954 suo
1348 5894 1671 5970 infidelitatedqtoieru
1694 5896 1736 5968 aa
1759 5899 1885 5963 tempora
1907 5887 2060 5950 0010000110.
