5017 6675
543 533 579 590 16
731 514 736 524 ’
781 516 784 521 ’
1109 522 1163 587 Dlt
1178 520 1396 581 emanata
1413 521 1463 578 ΕΤ
1481 520 1657 580 inuans

412 685 504 726 ⁰⁶¹¹*ss
573 684 615 737 88.
645 677 767 735 Ultimus
789 678 837 734 ille
859 693 893 733 ac
918 676 1065 750 primarius
1082 678 1145 734 linia
1162 678 1309 735 creationis
1329 677 1369 731 in·
1394 685 1444 732 aut
1473 678 1625 732 salubriter
1655 683 1780 731 mereant
1815 683 1864 731 aut
1892 676 2000 730 netum
2024 677 2152 745 probam
2184 680 2235 728 aut

411 785 524 829 nunant·
537 764 626 820 cludit
655 764 772 820 alterurn
800 765 884 819 iatum
913 763 1121 831 secundarium,
1157 766 1232 837 quod
1265 763 1371 819 acilioet
1394 764 1566 834 ipnoranter
1575 765 1682 819 docem

411 837 507 930 mg,
537 851 630 906 omnia
646 858 759 924 propter
775 867 854 905 namn
871 855 899 905 et
915 850 1063 907 utilitatem
1080 850 1222 906 hominurn
1235 851 1292 906 rint
1306 867 1369 905 con·
1430 856 1471 906 88
1500 851 1561 917 Quo
1583 850 1703 922 pertinet
1726 848 1810 904 ctiam
1834 847 1948 920 inaignia
1974 847 2021 903 ille
2042 848 2119 903 loona
2145 847 2233 901 Bern-

538 937 603 993 dita
641 936 728 993 Recte
744 937 908 991 Damaaoen.
925 935 1012 993 lina
1034 937 1068 991 de
1086 935 1192 993 orthod
1212 936 1259 991 lid
1281 941 1369 991 clo:
1394 936 1474 991 hardi
1497 954 1549 992 ιιι.
1570 944 1594 993 5.
1617 935 1777 1009 supeant.
1802 935 1853 990 col
1874 940 1919 990 5³:
1956 934 2077 996 Quidni
2094 952 2151 1003 quo
2170 935 2233 987 oni-

538 1024 657 1078 Nullum
673 1024 731 1077 aree
749 1022 858 1077 animal
875 1023 932 1076 aire
946 1023 1051 1092 planta
1069 1032 1124 1092 eat,
1149 1024 1179 1077 in
1197 1041 1253 1092 pua
1272 1039 1370 1093 opera-
1395 1024 1515 1092 mantia,
1542 1017 1676 1093 quantum
1694 1024 1735 1076 od
1751 1022 1798 1074 rui
1813 1039 1907 1090 urum,
1932 1021 2111 1090 reperiantur
2130 1023 2233 1074 incom-

537 1111 640 1165 tionem
670 1111 811 1180 quandam
834 1109 975 1163 laninam
1002 1110 1069 1163 urui
1092 1112 1289 1164 condimentem
1315 1127 1369 1163 nou
1394 1111 1480 1163 moda
1506 1110 1647 1180 nullisque
1670 1116 1740 1179 apta
1766 1109 1861 1162 ιιιὸιιι
1879 1108 2065 1161 humanarum
2084 1109 2232 1161 neeearita·

537 1197 701 1268 impoauerit
719 1197 848 1251 conditor
866 1215 961 1251 rerum
981 1205 1064 1266 αιᾳιιι
1083 1197 1187 1266 opifex.
1214 1194 1370 1250 Manichaei
1394 1198 1473 1250 turni
1496 1196 1620 1250 Proaunt
1639 1197 1772 1268 profecto
1791 1197 1866 1264 meu,
1885 1195 1938 1248 etri
1954 1210 2010 1247 non
2026 1211 2094 1261 uru,
2113 1195 2232 1247 utiliora

537 1282 791 1348 calumniabantur,
812 1282 905 1338 Deum
922 1283 1012 1337 multa
1029 1282 1141 1351 feciaae,
1166 1299 1237 1354 qnae
1253 1281 1369 1336 homini·
1394 1282 1526 1336 cunctim
1544 1283 1716 1351 intuentium,
1734 1300 1818 1352 qulam
1836 1282 1925 1334 ooulia
1942 1281 2074 1334 utauium
2092 1297 2152 1334 eree
2164 1299 2232 1350 por·

538 1369 590 1425 bna
616 1384 671 1425 non
687 1369 744 1425 aint
761 1371 933 1436 neceaaaria‚
957 1371 1095 1444 quaedam
1114 1371 1207 1439 etiam,
1225 1369 1370 1441 quaesiui
1394 1376 1465 1424 aunt.
1501 1368 1568 1422 Etsi
1584 1370 1698 1431 nociva,
1722 1369 1775 1422 etei
1800 1369 1883 1422 etiam
1904 1367 2067 1438 perniciora
2090 1368 2232 1420 lominum

442 1501 448 1512 .
488 1501 493 1514 .
537 1455 704 1528 perniciosa,
734 1458 782 1512 aed
813 1464 887 1513 recte
912 1458 967 1512 illia
990 1457 1172 1528 respondetur
1195 1457 1232 1511 ab
1249 1457 1369 1527 Auguat.
1396 1455 1548 1525 temporali
1564 1462 1669 1508 cunctat
1688 1455 1853 1523 maeaolutr',
1870 1472 1926 1508 non
1939 1462 2031 1508 tamen
2047 1456 2123 1507 deut
2136 1471 2232 1506 eorum

536 1541 584 1596 lib.
606 1549 629 1599 l.
650 1543 685 1598 de
703 1542 773 1599 Gen
794 1552 892 1599 ιοιιιιι
909 1543 1075 1599 Manich.·c.
1098 1551 1143 1599 10:
1162 1542 1231 1595 Cum
1249 1544 1306 1595 iata
1326 1543 1369 1595 di·
1395 1535 1574 1610 corporibus,
1591 1542 1667 1595 unde
1683 1531 1866 1610 cooperentur
1884 1541 1914 1593 in
1931 1542 2029 1595 honum
2046 1541 2103 1608 lta,
2122 1541 2174 1609 qui
2191 1557 2231 1593 ae-

537 1636 608 1697 cunt,
627 1648 684 1682 non
700 1630 866 1699 intellipunt
888 1633 965 1698 quod
982 1633 1075 1684 omniu
1091 1631 1214 1698 penetra
1231 1630 1288 1682 eint
1306 1647 1369 1682 con-
1394 1629 1514 1680 cundum
1528 1627 1706 1697 propositum
1722 1627 1815 1681 uocati
1830 1635 1892 1680 armt
1913 1626 2013 1680 Sancti
2017 1667 2025 1695 ,
2048 1628 2101 1680 etei
2117 1643 2174 1679 non
2191 1643 2232 1679 ee·

537 1715 626 1768 ditari
644 1723 669 1768 et
690 1716 795 1786 artifici
811 1734 874 1780 auo,
900 1718 950 1787 qui
966 1718 1091 1771 omnibus
1107 1719 1195 1770 utitur
1214 1718 1255 1768 ad
1271 1717 1368 1784 puber-
1394 1715 1486 1767 dendo
1504 1713 1535 1766 in
1552 1714 1642 1766 mlum
1661 1721 1710 1766 aut
1728 1714 1879 1767 exhibendo
1896 1713 2088 1781 ministerium,
2106 1720 2180 1765 certe
2191 1713 2231 1765 in·

534 1802 676 1855 nationem
693 1803 897 1873 uniuersitatis,
923 1804 970 1857 eui
986 1822 1094 1858 eumma
1116 1804 1175 1872 lepe
1195 1802 1366 1855 dominatur.
1392 1800 1504 1869 panium
1532 1801 1700 1869 exercendo,
1731 1801 1815 1869 jrauto
1845 1817 1922 1864 nim,
1953 1799 2003 1868 qui
2029 1800 2125 1868 mimo
2155 1799 2233 1852 omni

537 1887 647 1950 Quadri
679 1889 709 1942 in
742 1889 866 1958 alicujus
901 1891 1011 1960 epitom
1045 1890 1191 1959 officinam
1221 1888 1368 1958 imperitus
1392 1886 1480 1940 utenti
1505 1887 1616 1940 ratione
1642 1894 1760 1956 praeato
1791 1893 1846 1951 eat,
1876 1885 2029 1939 eommunia
2058 1885 2230 1954 disciplinae

534 1974 633 2042 intret,
651 1975 727 2028 ridet
743 1975 784 2028 ili
800 1977 887 2029 multa
906 1977 1102 2045 inmutato,
1126 1993 1244 2045 quorum
1263 1991 1365 2029 caueae
1388 1975 1565 2042 profectum,
1591 1991 1645 2042 quo
1667 1973 1821 2027 invicibilia
1844 1973 1904 2026 Dei
1920 1990 1976 2040 per
1993 1989 2039 2041 ea,
2058 1989 2130 2041 artae
2140 1972 2230 2038 sacta

534 2061 658 2131 ionem,
682 2069 708 2114 et
726 2062 753 2115 ai
768 2062 884 2115 nultum
903 2070 945 2115 eet
964 2062 1114 2131 imipiem,
1140 2062 1282 2130 neperflua
1307 2075 1366 2113 erae
1391 2068 1463 2127 runt,
1480 2060 1622 2114 intellecta
1639 2059 1856 2129 eorupiciuntur.
1882 2058 1960 2113 Haec
1972 2057 2151 2112 Bemlrardua
2162 2058 2230 2112 Bre-

529 2155 622 2216 putat.
658 2147 728 2201 Jam
749 2163 815 2202 nero
840 2148 868 2201 ei
890 2149 1089 2211 informarem
1114 2149 1242 2202 ineantur
1261 2147 1366 2200 incida
1391 2146 1475 2211 nter,
1505 2152 1632 2201 creatura
1662 2145 1750 2202 omnia
1779 2145 1867 2214 bona,
1901 2145 1952 2201 etei
1981 2143 2147 2216 quibusdam
2174 2162 2231 2199 non

533 2234 581 2303 rit,
600 2241 650 2287 aut
667 2235 841 2300 ferramento
859 2235 956 2304 aliquo
975 2240 1073 2303 amato,
1091 2253 1152 2289 eum
1169 2235 1203 2287 id
1217 2235 1292 2287 male
1310 2241 1367 2286 tra-
1393 2238 1466 2303 apta.
1501 2231 1557 2287 Rea
1581 2248 1647 2303 ergo
1674 2249 1707 2288 ιο
1729 2231 1817 2286 redit:
1850 2231 1892 2285 Ex
1910 2230 2068 2302 cognitione
2085 2230 2227 2302 potentiae

518 2325 600 2388 ctat,
617 2337 647 2374 ee
667 2321 759 2390 iprum
776 2321 947 2391 nunaunt,
965 2323 1047 2375 aiam
1062 2321 1223 2391 perniciora
1240 2329 1266 2374 et
1282 2320 1369 2374 noeia
1394 2319 1504 2374 divinae
1520 2319 1549 2373 in
1569 2316 1703 2373 creaturis
1720 2322 1851 2372 naaoatur
1869 2319 1897 2371 in
1915 2316 1994 2373 nobis
2012 2317 2096 2372 timor
2112 2316 2176 2381 Dei,
2195 2334 2229 2371 ex

534 2407 674 2460 ιιίιιιιιαι
696 2407 737 2461 rin·
751 2424 811 2462 erae
829 2408 932 2477 multa,
957 2425 1074 2477 quorum
1092 2416 1184 2461 tamen
1202 2424 1283 2467 urum
1300 2405 1370 2475 auia
1394 2405 1551 2477 cognitione
1578 2403 1730 2475 rapientiae
1755 2403 1866 2459 divinae
1889 2409 2020 2458 nascatur
2044 2419 2113 2474 erga
2138 2402 2229 2456 Deum

488 2552 494 2562 ⁸
535 2493 611 2546 nouit
628 2494 743 2564 majac,
763 2493 954 2562 incipientium
971 2494 1033 2563 ejua
1049 2493 1125 2547 ridet
1139 2502 1165 2547 et
1176 2494 1260 2547 verba
1273 2493 1370 2563 inepta
1394 2490 1506 2555 fiducia,
1523 2508 1556 2546 ex
1574 2489 1731 2562 cognitione
1748 2489 1881 2545 bonitatis
1901 2490 2011 2544 divinae
2029 2495 2161 2543 nascatur
2176 2488 2229 2543 Dei

535 2596 592 2633 non
613 2597 717 2634 maana
741 2581 886 2651 officinam
906 2598 987 2634 auam
1005 2587 1164 2634 eonrwnter
1180 2587 1294 2633 euocet
1329 2579 1370 2631 Et
1396 2594 1484 2647 amor,
1508 2583 1539 2632 ut
1563 2577 1603 2632 aio
1626 2577 1656 2630 in
1673 2575 1801 2631 omnibns
1819 2576 1948 2631 laudetur
1969 2575 2045 2630 Deua
2066 2574 2229 2630 benedictus

535 2672 627 2719 tomen
650 2673 708 2720 tam
730 2667 812 2721 rtulti
834 2668 958 2721 leminea
980 2675 1058 2735 runt,
1081 2673 1111 2719 ut
1131 2667 1211 2735 apud
1234 2665 1369 2732 artificem
1395 2665 1425 2719 in
1444 2663 1547 2721 recula

440 2760 444 2767 '
534 2751 672 2806 hominem
697 2770 754 2807 non
780 2754 907 2807 audeant
929 2753 1106 2824 uituperare,
1135 2768 1207 2822 quae
1229 2752 1371 2820 iquorem,

535 2840 587 2892 aad
609 2857 671 2893 erun
695 2855 731 2894 ea
756 2840 892 2909 viderint,
918 2841 1036 2894 aedunt
1061 2855 1117 2893 erae
1143 2838 1316 2902 matoria,
1344 2845 1370 2892 et
1703 2855 1909 2864 ---·-

531 2932 651 2995 propter
668 2943 735 2978 uaue
753 2925 865 3011 aliquot
882 2926 1027 2980 inatitutu:
1045 2926 1075 2979 in
1087 2926 1138 2979 ltoe
1151 2933 1243 2980 audem
1254 2926 1369 2987 mundo,

535 3012 617 3080 cujua
642 3013 770 3065 concidor
793 3021 820 3066 et
838 3013 1055 3067 adminirtrator
1072 3014 1262 3082 praedicatur
1281 3014 1369 3079 Deua,

450 3165 455 3178 ἢ
536 3099 641 3152 audent
657 3098 746 3152 multa
763 3099 978 3169 reprehendere,
1002 3117 1119 3169 quorum
1137 3116 1238 3153 caueae
1256 3115 1313 3153 non
1329 3098 1369 3150 ui·
1663 3069 1684 3130 ⁰
1701 3070 1729 3130 Δ
1745 3069 1770 3129 P
1788 3069 1817 3128 u
1834 3071 1859 3129 Τ
1893 3070 1951 3131 VI·

537 3186 616 3253 an,
641 3192 724 3253 aaa
746 3185 777 3237 n
805 3186 936 3254 amru
958 3192 1043 3256 aaa
1069 3186 1258 3240 eunome
1283 3183 1371 3238 omri·
1395 3192 1462 3258 ιιι
1499 3190 1822 3259 ιιιιιιοιιιι
1857 3189 2229 3258 ιιιιιιιιιοιιι.

532 3270 654 3340 potentia
680 3271 798 3342 artificia
826 3272 922 3326 uolunt
948 3287 979 3326 ae
1004 3272 1098 3327 uideri
1123 3273 1196 3326 acire
1223 3274 1301 3343 quod
1325 3287 1371 3325 ne-

537 3358 635 3415 ‘duni
1431 3368 1471 3418 89.
1506 3360 1680 3432 Creaiionern
1711 3360 1846 3417 definiunt
1875 3360 2050 3430 scholastici,
2088 3361 2163 3432 quod
2195 3361 2262 3416 ιὶιῐ)

572 3449 612 3499 87.
640 3442 818 3513 scholmfici,
831 3449 996 3517 praesertim
1009 3444 1207 3501 Bonaventura
1227 3452 1256 3501 et
1268 3444 1370 3501 Bitia.
1395 3448 1535 3503 emanatio
1554 3449 1638 3502 totius
1656 3449 1727 3503 entia
1745 3448 1916 3502 universalia
1935 3467 1953 3502 a
1966 3448 2062 3517 primo
2074 3448 2230 3518 principio,
2244 3427 2262 3508 ‚ii

537 3536 607 3585 aaut.
620 3528 683 3585 diat
698 3536 738 3586 15.
750 3530 803 3585 hac
821 3531 856 3587 dc
873 3548 956 3587 reare
968 3532 1105 3589 scribunt
1125 3533 1273 3587 Animalia
1287 3533 1371 3587 renai·
1396 3540 1473 3606 prod
1490 3544 1530 3590 eat
1548 3538 1637 3591 Deua.
1670 3536 1713 3589 Ex
1731 3535 1793 3600 illia,
1812 3552 1884 3607 quac
1902 3536 1977 3590 dicta
1990 3541 2063 3604 aunt,
2081 3533 2229 3590 creationis

538 3617 607 3670 bilia
624 3617 710 3671 alita
723 3618 858 3672 ordinata
872 3621 913 3673 od
923 3620 1043 3674 hominia
1056 3620 1205 3675 utilitatem
1219 3622 1372 3675 seeundum
1397 3621 1522 3677 definitio
1540 3620 1670 3677 constitui
1686 3621 1789 3692 poterit
1803 3620 1910 3692 plenior
1922 3621 2088 3691 hujusmodi.
2120 3620 2231 3677 Creatio

532 3710 639 3756 etatum
658 3704 844 3775 innocentiae,
862 3705 947 3759 aliter
962 3708 1113 3760 amandum
1131 3714 1235 3760 etatum
1252 3715 1372 3761 naturae
1398 3716 1440 3764 eat
1457 3708 1530 3764 actio
1548 3708 1643 3775 unium
1664 3706 1823 3779 etquidem
1841 3706 1926 3762 aoliua
1943 3707 2011 3777 Dei,
2032 3725 2065 3762 ac
2080 3706 2231 3761 indivisum

538 3789 652 3858 aptae.-
681 3793 832 3845 aecundum
858 3799 961 3846 uatum
988 3793 1163 3847 innocentiae
1189 3793 1374 3862 quadruplici
1397 3795 1482 3850 trium
1508 3810 1687 3866 personarum
1714 3792 1864 3847 divinitatis
1888 3810 1972 3864 apua,
1999 3811 2053 3865 quo
2071 3794 2156 3848 Pater
2182 3811 2232 3864 per

536 3876 653 3943 mitono,
669 3876 764 3945 primo
777 3879 818 3930 od
830 3879 1072 3944 manifectandum
1084 3880 1204 3933 taminia
1216 3879 1371 3949 imper-iren,
1395 3882 1498 3938 Filium
1521 3887 1697 3937 coaeternum
1724 3881 1752 3934 in
1778 3880 1882 3951 Spiritu
1906 3888 2001 3935 nancto
2024 3888 2172 3935 coaeterno
2201 3880 2232 3933 li·

537 3964 614 4031 quod
635 3964 662 4015 ei
685 3964 780 4017 omnia
803 3966 960 4031 obedirent;
983 3968 1105 4019 remando
1124 3968 1165 4019 ad
1182 3967 1371 4020 &amandam
1396 3969 1464 4025 bera
1481 3968 1624 4024 voluntate
1647 3985 1695 4023 aex
1717 3967 1854 4021 distinctis
1879 3966 1976 4022 diebus
1995 3966 2121 4021 condidit
2139 3966 2233 4021 omnia

537 4048 657 4102 hominia
668 4049 865 4105 habitationem
871 4072 883 4119 ,·
902 4053 984 4106 tertio
1002 4054 1044 4107 ad
1060 4053 1236 4106 enatandum
1253 4054 1372 4107 hominia
1397 4055 1518 4111 visibilia
1545 4061 1573 4110 et
1600 4054 1765 4123 invisibilia,
1797 4070 1852 4109 non
1879 4071 1912 4108 ex
1937 4055 2052 4109 materia
2076 4054 2171 4125 aliqua
2194 4052 2232 4107 ab

538 4150 654 4204 aeneum,
673 4143 704 4189 ut
723 4146 898 4205 eopnoaceret
913 4139 1084 4207 rapientium
1098 4139 1251 4208 meatoriaf
1272 4147 1371 4210 quarm
1396 4148 1508 4197 aeterno
1526 4141 1579 4196 aibi
1597 4141 1795 4211 coiixeiatente,
1819 4140 1867 4196 aed
1885 4157 1919 4195 ex
1937 4141 2022 4196 nihilo
2040 4147 2154 4211 propter
2171 4139 2231 4210 glo-

538 4223 580 4275 ιιι
592 4223 757 4276 ιιιοιιιιιιιιη
772 4224 834 4292 ejua
848 4226 983 4295 affectum,
1001 4233 1032 4279 ut
1044 4226 1264 4280 ercimeturad
1275 4245 1372 4281 aman-
1395 4228 1465 4282 riam
1486 4227 1530 4282 ani
1548 4225 1666 4282 nominis
1684 4232 1713 4282 ct
1729 4226 1869 4281 hominurn
1888 4228 2050 4297 utilitatem
2078 4234 2106 4282 et
2130 4226 2233 4296 omnia,

538 4310 606 4362 dum
622 4310 723 4362 Deum.
761 4308 919 4364 Secundum
937 4320 1039 4365 etatum
1058 4320 1178 4366 naturae
1191 4313 1294 4383 loprae
1311 4314 1372 4366 ani·
1396 4330 1579 4386 quaecnnquc
1597 4313 1675 4368 Deua
1692 4312 1775 4382 fecit,
1792 4320 1857 4369 aunt
1874 4313 1956 4376 valde
1973 4313 2063 4381 bona,
2082 4320 2234 4383 creataque

537 4395 627 4449 mulio
648 4395 763 4449 canonia
786 4397 956 4451 ordinantem
979 4399 1021 4477 ad
1036 4398 1138 4467 dium,
1163 4400 1302 4467 ratitum,
1327 4400 1373 4454 ob·
1397 4400 1471 4455 idem
1489 4399 1581 4454 adhuc
1597 4400 1679 4454 hodie
1697 4407 1853 4467 conservat,
1880 4404 2017 4453 auatcntat
2037 4403 2065 4452 et
2084 4398 2234 4469 gubernat,

536 4482 676 4551 nemun,
702 4483 852 4549 celatim,-
877 4485 962 4537 nocio
991 4493 1041 4538 aut
1066 4484 1227 4555 poenaliter
1256 4486 1373 4540 laedunt
1400 4488 1453 4559 ipai
1469 4488 1506 4542 ait
1523 4488 1598 4557 lana,
1615 4487 1703 4542 honor
1723 4493 1750 4541 et
1768 4486 1863 4558 gloria.
1899 4486 1996 4540 Amen.
