5017 6675
420 562 482 626 nm
1107 552 1419 613 mensuremus
1458 633 1460 635 ι

415 731 471 785 per
483 714 659 784 principium
675 700 863 780 intrinsecum,
880 713 933 766 sed
948 713 1038 765 solum
1049 729 1105 782 per
1123 713 1251 766 uirtutem
1280 710 1415 780 actualis,
1443 727 1494 764 nec
1515 709 1683 773 habitualis,
1710 724 1760 763 nec
1787 711 2017 780 sacramentalis,
2045 712 2116 780 quia

419 802 553 856 divinam.
589 802 712 855 Peccata
729 807 836 865 amem,
856 815 926 868 quae
944 799 1045 852 babent
1062 798 1250 851 inordinatio·
1278 800 1393 850 manens
1411 798 1441 850 in
1458 797 1564 850 veniali
1579 815 1666 866 usqne
1686 799 1728 850 ad
1746 806 1861 851 mortem
1877 816 1932 852 non
1953 799 2117 869 damnatur,

418 904 479 940 nem
496 888 573 940 circa
592 905 634 954 ea,
653 904 724 956 quae
738 895 802 940 nunt
814 887 856 938 ad
864 888 956 950 finem,
973 893 1136 939 consewato
1151 887 1251 938 ordine
1277 885 1330 936 sed
1347 884 1459 936 tandem
1477 882 1640 952 salvabitur,
1659 885 1811 937 remittitur
1828 893 1919 939 autem
1936 886 2046 939 veniale
2058 903 2117 956 per

417 975 459 1026 ad
475 973 603 1026 altimum
623 975 706 1038 finem
726 972 902 1041 reparabilia
916 980 988 1040 sunt,
1006 972 1079 1025 sicut
1096 989 1184 1039 error,
1202 972 1252 1040 qui
1278 970 1505 1039 satispassionem
1525 971 1555 1023 in
1570 972 1752 1040 purqatorio,
1779 973 1844 1025 item
1865 981 2032 1040 peractam
2047 974 2113 1040 ser·

417 1061 523 1113 accidit
546 1061 623 1113 circa
645 1059 833 1113 conclusiones
854 1077 908 1128 per
929 1060 1073 1112 ceritatem
1094 1058 1249 1128 principio·
1277 1064 1382 1109 ventem
1400 1056 1530 1109 caritatis
1549 1057 1731 1121 consumitur,
1757 1057 1829 1111 sicul
1845 1076 1922 1128 aqua
1940 1077 1995 1128 per
2013 1060 2116 1128 iqncm.

415 1164 488 1201 rum.
527 1147 682 1200 Venialiter
698 1147 786 1214 iqitur
800 1162 921 1215 peccans
940 1162 996 1198 non
1015 1145 1095 1211 facit
1113 1146 1189 1212 quod
1206 1145 1250 1197 lea
1277 1147 1327 1197 art.
1354 1148 1385 1197 3:
1415 1143 1582 1212 accipiendo
1608 1153 1700 1196 tamen
1721 1145 1924 1214 poenitentiam
1950 1147 2030 1214 larqe
2053 1163 2112 1215 pro

411 1234 550 1303 prohibet,
569 1250 618 1287 nec
632 1233 834 1302 praetermittit
852 1232 898 1299 id,
919 1233 959 1284 ad
978 1233 1055 1300 quod
1072 1231 1116 1283 lec
1136 1230 1248 1298 obliqat,
1277 1230 1431 1282 cessatione
1454 1230 1605 1282 uoluntatis
1623 1231 1658 1282 ab
1678 1239 1743 1283 actu
1762 1233 1981 1300 complacentiae
2002 1235 2032 1286 in
2047 1249 2115 1301 pec·

416 1320 468 1373 sed
481 1319 557 1384 facit
568 1327 686 1387 praeter
702 1319 799 1388 leqem.
826 1322 876 1372 art
898 1322 926 1371 22
955 1317 1071 1370 Veniale
1095 1333 1127 1369 ee
1150 1333 1250 1384 qenere
1277 1323 1340 1369 cato
1363 1315 1458 1385 utique
1485 1318 1569 1370 etiam
1587 1318 1629 1370 ad
1643 1316 1767 1370 venialia
1784 1320 1939 1388 requiritur
1962 1320 2030 1372 talis
2043 1336 2113 1389 poe·

416 1413 463 1465 est.
484 1407 598 1473 quando
615 1405 744 1458 uoluntas
757 1405 857 1470 fertur
874 1404 904 1456 in
923 1404 957 1455 id
962 1444 968 1463 ,
992 1406 1064 1471 quod
1081 1403 1202 1456 continet
1219 1402 1249 1455 in
1276 1402 1403 1457 nitentia.
1425 1410 1476 1458 art
1497 1409 1527 1459 t:
1545 1420 1601 1456 non
1618 1403 1708 1456 solum
1720 1421 1776 1472 per
1794 1413 1886 1458 aetram
1904 1406 2115 1474 displicentiae,

415 1508 444 1544 se
462 1493 601 1559 quandam
620 1491 866 1559 inordinationem,
883 1498 1043 1542 nontamen
1060 1490 1250 1542 contrariatur
1276 1489 1328 1540 sed
1343 1503 1398 1555 per
1416 1506 1522 1542 omnem
1541 1476 1633 1543 actum
1651 1491 1824 1544 meritorium
1841 1493 1951 1545 veniale
1967 1502 2114 1560 peccatam

416 1577 562 1630 dilectioni
579 1578 639 1630 Dei
656 1585 684 1629 et
696 1577 830 1646 proximi,
847 1584 877 1629 ut
893 1577 1003 1630 cabum
1022 1576 1147 1630 otiosum.
1178 1575 1249 1630 Con·
1276 1573 1440 1644 remittitur,
1464 1577 1582 1630 manime
1605 1578 1671 1630 ditm
1690 1578 1731 1629 od
1749 1578 1811 1644 ejus
1827 1579 2016 1632 remissionem
2036 1580 2113 1632 ordi·

414 1664 478 1730 tiqit
494 1671 599 1732 amon,
624 1664 762 1732 quodid,
782 1664 857 1732 quod
875 1670 915 1714 cst
928 1670 1072 1732 peccatum
1090 1663 1199 1716 reniale
1217 1681 1250 1716 ee
1275 1667 1368 1728 natur,
1385 1661 1453 1729 quia
1474 1663 1563 1715 omnis
1580 1671 1659 1715 acuis
1677 1663 1838 1717 meritorium
1857 1673 1897 1717 est
1916 1666 2113 1730 satisfactione

415 1765 522 1817 qenere,
540 1750 650 1803 ratione
665 1750 711 1802 sui
724 1750 826 1818 obJ'ecti
836 1751 873 1820 fit
889 1749 1008 1803 mortale
1022 1766 1055 1803 es
1068 1757 1153 1818 parte
1166 1766 1248 1818 aqen-
1274 1761 1382 1812 poenae
1398 1749 1572 1815 temporalis.
1608 1751 1689 1819 Erqa
1709 1751 1793 1803 etiam
1809 1767 1864 1818 pro
1881 1760 2005 1818 peccato.
2031 1750 2112 1807 Idem

414 1836 459 1903 tis,
477 1835 523 1888 cel
539 1836 607 1904 quia
625 1837 656 1889 in
670 1853 702 1888 eo
716 1836 858 1889 constituit
871 1836 959 1905 Jinem
970 1837 1106 1904 ultimum,
1123 1835 1167 1889 sel
1180 1836 1248 1905 quia
1275 1831 1397 1890 distinct.
1418 1835 1515 1889 eadem
1533 1843 1639 1907 quaest.
1661 1844 1689 1892 6:
1706 1854 1760 1904 per
1780 1839 1924 1906 quodlibet
1942 1855 2012 1906 opus
2026 1842 2111 1893 meri·

415 1923 530 1976 ordinat
547 1923 638 1991 ipsum
655 1922 696 1975 ad
711 1922 836 1990 aliquid,
861 1924 938 1991 quod
955 1931 995 1975 est
1011 1930 1155 1993 peccatum
1174 1941 1247 1975 mor·
1275 1919 1377 1971 terium
1394 1921 1545 1987 remittitur
1564 1922 1674 1976 veniale
1689 1931 1850 1990 peccatum·
1876 1926 2039 1992 specialiter
2065 1935 2110 1980 ta·

414 2010 485 2080 tale,
513 2018 545 2064 ut
566 2011 678 2063 uerbum
701 2011 820 2063 otiosum
839 2011 881 2063 ad
896 2010 1074 2064 adulterium.
1110 2009 1249 2064 Similiter
1274 2021 1335 2057 men
1363 2006 1463 2076 aliqua
1492 2025 1582 2076 opera
1612 2013 1805 2078 assiqnantnr,
1831 2013 2031 2077 comprehensa
2057 2015 2111 2067 boe

415 2112 448 2148 ea
463 2103 549 2166 parte
566 2095 675 2164 aqentis
693 2096 839 2165 continqit,
867 2098 944 2165 quod
959 2096 1080 2166 aliquod
1092 2104 1248 2166 peecatum,
1272 2091 1426 2145 versiculo:
1463 2093 1556 2146 Orane
1577 2095 1774 2163 (Dominicam
1795 2098 1979 2166 orationem),
2007 2100 2110 2153 tinctus

415 2184 492 2251 quod
507 2199 539 2236 ea
557 2200 608 2236 suo
626 2200 725 2251 periere
744 2190 784 2235 est
801 2182 929 2249 mortale,
943 2183 979 2252 fit
996 2182 1115 2246 reniale,
1129 2191 1248 2257 propter
1274 2177 1367 2246 (aqua
1385 2179 1561 2248 benedicta),
1588 2182 1673 2234 edens
1692 2181 1937 2251 (eucharistiam),
1964 2187 2110 2250 consessus

412 2269 478 2330 boc,
506 2271 584 2338 qstod
599 2278 638 2322 est
656 2277 735 2322 acttss
762 2269 957 2337 imperfectus,
984 2276 1014 2321 ut
1035 2269 1142 2322 mbitris
1158 2277 1247 2323 motus
1275 2263 1537 2329 (sacramentaliter
1570 2267 1615 2319 vel
1646 2268 1830 2332 confessione·
1855 2271 2001 2340 qenercli)
2036 2274 2110 2326 done

411 2355 599 2418 infidelitatis.
634 2354 712 2408 Haec
728 2353 857 2422 Thomas,
876 2370 948 2426 quae
968 2370 1001 2408 ex
1021 2371 1053 2409 eo
1072 2355 1173 2425 repetit
1184 2356 1246 2410 Bel·
1274 2348 1475 2418 eleemottnam
1494 2353 1699 2421 emmim),
1718 2354 1881 2408 &²²⁶de
1895 2357 2109 2424 (tummim

411 2440 544 2495 larminus
563 2440 610 2497 lib.
632 2447 653 2496 l.
674 2440 710 2495 de
729 2441 819 2494 amisa.
844 2447 914 2512 grat.
941 2447 970 2496 et
993 2447 1056 2495 stat
1082 2458 1159 2512 pecc.
1179 2460 1202 2497 c.
1223 2450 1246 2497 3.
1274 2435 1422 2490 dictionem
1437 2438 1655 2508 ⁶Pi⁸⁰⁰l⁹⁰l⁶mir
1675 2440 1743 2508 im
1760 2446 1784 2493 l·
1794 2441 1843 2494 ‘W
1855 2444 1936 2496 ''²011“
1945 2446 2110 2512 tpwl'sslfitt'

412 2526 462 2582 ubi
480 2544 525 2592 ea,
549 2543 621 2597 quae
641 2543 692 2580 sua
708 2532 809 2580 natura
828 2527 958 2582 dicuntur
981 2528 1099 2582 venialia
1123 2537 1246 2598 peccata,
1273 2521 1392 2575 incitant
1407 2523 1527 2576 liberum
1545 2526 1694 2579 arbitrium
1706 2528 1747 2580 ad
1760 2529 1968 2584 dcleelalt'onem
1986 2534 2107 2599 peccati,

411 2613 452 2667 its
470 2613 581 2681 dividit,
605 2622 634 2665 ut
659 2613 800 2681 praedoni
821 2613 897 2666 dieat
921 2630 981 2668 esse
999 2616 1123 2669 venialia
1144 2631 1177 2668 ea
1194 2634 1245 2669 suo
1271 2624 1324 2674 Pte
1342 2628 1425 2678 quam
1445 2613 1592 2679 efficacius
1609 2614 1759 2666 remittitur
1764 2635 1778 2678 ,·
1806 2617 1833 2668 2.
1850 2616 1881 2668 in
1906 2617 1968 2672 ntis
1991 2622 2108 2673 coricus·-

410 2717 510 2768 qenere
527 2703 611 2769 (quae
630 2697 734 2754 liabent
751 2716 801 2768 pro
818 2699 928 2768 objecto
953 2715 1011 2753 rem
1038 2700 1137 2754 malem
1157 2706 1186 2756 st
1204 2702 1245 2755 in·
1271 2704 1337 2748 tunt
1356 2697 1448 2750 oratio
1474 2707 1500 2751 et
1523 2700 1651 2752 meritum
1670 2700 1803 2753 ecclesiae
1811 2722 1823 2767 ,¹
1847 2699 1880 2756 ’3.
1902 2704 1958 2757 illa
1973 2707 2107 2775 frequen·

411 2786 578 2850 ordinatam,
603 2785 653 2840 aed
680 2801 753 2856 quae
777 2786 887 2839 caritati
908 2785 962 2840 Dei
988 2787 1032 2841 vel
1056 2788 1172 2857 proximi
1189 2806 1245 2843 nou
1271 2782 1326 2833 tius
1361 2800 1394 2835 ee
1428 2785 1578 2839 intestimo
1603 2787 1737 2839 ecclesiae
1765 2788 1809 2841 oel
1834 2791 1942 2856 aqmtn
1970 2794 2106 2847 ordinae

409 2875 575 2944 repugnet),
603 2873 741 2942 quaedam
758 2889 823 2925 sero
843 2888 875 2924 ea
901 2872 1111 2941 imperfectione
1142 2877 1244 2945 operis,
1270 2875 1319 2919 ivr
1345 2871 1386 2922 ad
1410 2871 1601 2925 remissionem
1623 2872 1758 2935 venialis,
1786 2877 1811 2926 ⁴·
1837 2876 1942 2944 reliqui
1966 2879 2046 2931 modi
2066 2880 2107 2933 ad

411 2976 483 3031 quae
501 2975 534 3013 ex
558 2975 609 3013 sno
634 2975 736 3030 genere
761 2958 890 3012 mortalia
912 2974 972 3012 esse
996 2967 1125 3030 possunt,
1151 2968 1244 3016 tamen
1272 2954 1339 3008 illos
1356 2957 1536 3011 reducuntur.
1571 2957 1715 3012 Hactenus
1728 2958 1800 3013 Biel.
1838 2960 1879 3015 Ex
1893 2965 2105 3032 jurecanouico

411 3045 448 3102 ob
474 3044 711 3117 imperfectionem
742 3044 833 3114 operis
866 3043 1023 3099 efficiuntur
1054 3046 1189 3117 venialia,
1215 3047 1245 3102 in
1271 3041 1384 3111 quidam
1408 3043 1544 3114 colligunt
1566 3043 1711 3099 duodecim
1735 3046 1830 3100 modos
1853 3040 2042 3107 remissionem
2061 3069 2106 3107 va

411 3133 512 3204 quibus
533 3133 592 3187 sola
615 3131 706 3203 operis
725 3130 897 3201 imperfectio
921 3130 975 3185 hoc
1002 3130 1100 3202 efficit,
1127 3141 1158 3188 ut
1181 3151 1243 3188 cum
1270 3126 1384 3181 nitlium
1403 3128 1581 3198 impetrandi,
1599 3131 1728 3186 videlicet
1747 3133 1858 3204 dignam
1876 3138 2105 3207 communionem,

300 3222 303 3228 ·
410 3219 526 3274 enatato
543 3236 599 3273 non
619 3234 744 3289 pugnare
759 3216 938 3287 judicentur).
972 3216 1136 3274 Posteri0ris
1158 3237 1242 3292 gene.
1271 3213 2105 3297 aquaebenedictaeadspersionem,eleemosynarumlargi·

409 3306 448 3363 ris
466 3305 587 3362 venialia
601 3312 718 3377 peccatu
728 3303 828 3360 iterum
841 3303 937 3359 statuit
949 3303 1085 3376 duplicia:
1103 3310 1240 3376 quaedam
1270 3299 1386 3370 tionem,
1404 3300 1567 3372 injuriarum
1585 3303 1786 3377 remissionem,
1812 3309 1963 3366 cratonem
1980 3328 2105 3383 praeser-

324 3410 396 3457 m.
410 3395 541 3449 dicuntur
569 3392 695 3459 venialia
720 3408 753 3444 en
778 3391 954 3460 subreptione
981 3391 1066 3463 (quae
1095 3411 1150 3449 non
1179 3402 1244 3451 sunt
1270 3386 1319 3441 tim
1340 3387 1528 3453 Dominicam,
1554 3391 1753 3447 confessionem
1773 3396 1944 3465 generalem
1962 3398 2104 3470 episcopa·

409 3481 534 3554 perfecta
550 3480 714 3547 voluntaria,
733 3485 764 3532 ut
783 3478 867 3533 subiti
888 3485 978 3534 motus
998 3479 1167 3551 cupiditatis,
1185 3482 1242 3538 irae
1269 3474 1338 3543 lem,
1367 3476 1565 3531 sacerdotalem
1594 3483 1626 3531 ut
1654 3485 1682 3533 et
1703 3479 1850 3536 monialem
1875 3480 2102 3555 benedictionem,

410 3575 473 3637 ete,
491 3568 539 3639 qui
556 3567 634 3638 prius
653 3565 682 3620 in
700 3565 791 3620 animo
808 3565 953 3628 exsistunt,
973 3582 1056 3638 quam
1074 3568 1145 3623 ratio
1162 3574 1242 3639 pleno
1270 3560 1398 3615 devotm
1425 3564 1545 3632 pectoris
1574 3565 1744 3635 tunsionem,
1784 3568 1875 3621 cordis
1903 3570 2102 3641 contritionem,

409 3654 564 3708 deliberare
589 3651 723 3723 potuerit,
752 3659 844 3707 essent
868 3668 956 3706 necne
978 3653 1155 3723 admittendi,
1194 3656 1242 3726 qui
1268 3654 1417 3702 extremam
1430 3651 1594 3721 unctionem,
1607 3652 1769 3721 patientiam
1781 3652 1964 3725 flagellorum,
1976 3665 2005 3711 et
2016 3658 2102 3728 quod·

410 3741 522 3811 quidem
540 3747 568 3795 et
583 3746 699 3810 peccata
710 3745 782 3806 sunt,
800 3756 863 3793 cum
875 3739 1031 3809 praeveniri
1045 3744 1095 3793 aut
1112 3741 1242 3797 continuo
1267 3733 1338 3789 libet
1357 3752 1426 3805 0PU⁸
1450 3735 1561 3791 imum·
1598 3738 1718 3804 Quidam
1735 3746 1797 3794 0⁰t0
1814 3742 1937 3796 remedia
1953 3744 2102 3798 venialium

408 3825 506 3897 repelli
524 3826 686 3896 potuissent,
712 3824 735 3878 si
753 3825 824 3878 ratio
842 3825 1002 3896 vigilassem
1028 3833 1056 3881 et
1081 3833 1173 3882 tamen
1197 3847 1243 3884 ve·
1268 3828 1443 3890 peecatorum
1466 3832 1634 3894 agnoscunt,
1659 3840 1731 3896 quae
1755 3827 1934 3898 sequentibus
1958 3830 2101 3885 versiculis

409 3912 496 3967 nialia
513 3917 585 3981 sunt,
603 3929 666 3967 cum
684 3911 767 3982 pleno
779 3909 928 3966 voluntatis
947 3928 1061 3968 assensu
1075 3914 1241 3985 caruerint);
1267 3906 1459 3962 includuntur:

408 4001 548 4070 quaedam
574 4015 639 4052 cero
666 4014 699 4051 en
723 3999 868 4066 paruitate
890 3999 1025 4053 materiae
1051 4003 1134 4071 (quas
1159 4001 1188 4056 in
1211 4018 1241 4056 re
1338 3993 1485 4064 Confiteor,
1506 3999 1603 4066 lende,
1620 4014 1797 4067 cmssperqor,
1814 4007 1952 4070 conteror,
1970 4020 2028 4072 oro,

407 4101 494 4157 parva
512 4102 544 4139 ao
562 4084 616 4140 lesi
636 4084 857 4153 committuntur,
882 4092 914 4139 ut
937 4084 1041 4139 furtum
1059 4086 1141 4140 unius
1158 4088 1241 4155 oboli,
1339 4080 1450 4149 Siteon,
1470 4084 1531 4151 edo,
1551 4085 1634 4151 dano,
1650 4101 1705 4153 per
1723 4085 1792 4139 baec
1807 4087 1932 4140 venialia
1945 4106 2032 4157 pano.

408 4171 483 4243 quod
499 4187 590 4242 neque
606 4170 759 4242 proximum
777 4170 937 4225 notabiliter
955 4171 1052 4235 laedit,
1077 4189 1166 4244 neque
1183 4175 1240 4230 tale
1266 4165 1460 4222 Fundamente
1494 4176 1522 4223 et
1556 4168 1751 4227 sufficientiam
1786 4170 1884 4226 horum
1917 4176 2101 4231 remediorum

406 4265 456 4327 est,
476 4262 509 4311 ut
525 4257 601 4329 apud
612 4272 716 4328 aequos
727 4254 853 4311 homines
866 4255 1015 4311 amicitiam
1028 4257 1124 4313 tollere
1137 4266 1239 4330 quest)
1266 4256 1361 4307 eontra
1387 4253 1507 4309 venialia
1537 4255 1639 4311 delicta
1665 4256 1707 4311 ita
1733 4258 1833 4328 probat
1855 4258 1952 4315 Thom.
1978 4271 2051 4333 part
2075 4270 2099 4320 3.
2131 4275 2138 4292 ·

406 4359 429 4399 c.
450 4351 474 4400 9.
494 4360 524 4399 se
542 4343 634 4415 ipsum
652 4343 691 4397 sic
711 4342 844 4413 explicat,
869 4344 946 4412 quad
967 4353 1114 4413 peecatum
1131 4348 1240 4401 reniale
1265 4355 1291 4409 q·
1311 4344 1352 4394 87·
1371 4347 1422 4394 ert·
1442 4348 1473 4396 3:
1505 4343 1556 4395 Ad
1571 4344 1762 4397 remissionem
1775 4348 1891 4414 peccati
1906 4350 2028 4404 venialis
2045 4369 2100 4405 non

328 4469 334 4482 .
405 4446 439 4483 en
456 4447 509 4483 sua
531 4440 635 4483 natura
657 4430 849 4497 destinqaatur
872 4446 890 4481 a
910 4430 1027 4483 mortali
1041 4432 1102 4484 sine
1117 4432 1180 4485 ullo
1196 4450 1239 4487 re·
1264 4426 1418 4494 requiritur
1437 4446 1523 4482 nouae
1540 4429 1651 4497 oratioe
1669 4431 1784 4499 inflacio,
1804 4435 1856 4486 sed
1872 4435 1979 4501 sufficit
1993 4437 2101 4508 aliquis

404 4518 510 4571 latione
534 4516 577 4569 ad
593 4515 675 4571 DEI
695 4516 920 4569 misericordiam
938 4516 983 4569 oel
1005 4525 1109 4570 statum
1128 4528 1238 4573 renato·
1265 4520 1344 4565 seles
1357 4516 1514 4582 procedens
1532 4532 1565 4568 ee
1581 4518 1685 4585 qratia,
1706 4535 1760 4586 quo
1779 4519 1859 4573 bomo
1871 4522 2022 4576 deteetdur
2035 4541 2100 4595 pec·

403 4621 474 4672 rura,
493 4610 520 4656 et
537 4604 574 4656 eit
594 4602 747 4671 ejusmodi,
774 4609 805 4655 ut
817 4618 940 4670 poenam
958 4602 1070 4671 quidem
1089 4614 1237 4676 mereatur,
1265 4600 1417 4653 catenosi
1436 4600 1565 4670 eaplicite
1581 4602 1625 4656 oel
1644 4604 1793 4673 implicite,
1815 4606 1888 4660 sima
1911 4625 1974 4662 cum
1992 4611 2099 4681 aliquis

402 4693 455 4744 sed
470 4707 527 4743 non
543 4697 702 4751 adernam5
719 4695 745 4741 et
759 4691 852 4742 Deum
862 4690 997 4759 offendat,
1012 4692 1063 4743 sed
1080 4708 1135 4746 non
1151 4709 1239 4762 usqrse
1263 4688 1405 4751 ferventer
1427 4695 1552 4741 movetur
1571 4689 1600 4741 in
1625 4690 1725 4742 Deum.
1760 4692 1840 4760 Erqo
1860 4694 1971 4762 triplici
1987 4700 2098 4751 ratione

323 4782 325 4790 '
402 4779 445 4832 ad
460 4776 603 4831 amicitiae
622 4776 841 4830 dissolutionem.
1264 4773 1364 4841 aliqua
1384 4782 1504 4828 causant
1520 4776 1711 4829 remissionem
1729 4778 1880 4832 venialium
1899 4791 2097 4848 peccatorum:

437 4870 480 4923 91.
515 4863 560 4919 De
584 4862 745 4919 remissione
770 4862 879 4932 peccati
901 4862 1018 4917 venialis
1044 4863 1119 4917 vans
1142 4864 1236 4936 dispu-
1263 4863 1287 4914 1·
1307 4861 1336 4913 in
1354 4868 1487 4929 mantum
1505 4862 1535 4914 ie
1553 4862 1593 4915 0⁸⁸⁸
1609 4864 1753 4928 fundatur
1769 4865 1878 4932 stalla,
1899 4869 1968 4935 teia
1981 4888 2036 4939 per
2054 4870 2095 4923 in-

381 4952 471 5009 tant.
492 4950 591 5007 Scotus
609 4957 632 5006 t.
653 4948 717 5005 dist.
738 4954 779 5004 tt.
798 4948 911 5018 statuit,
938 4951 1016 5019 quod
1036 4951 1164 5004 remissio
1191 4969 1236 5006 oe·
1257 4947 1399 5013 fusionem
1427 4948 1539 5017 qratiae
1564 4949 1701 5003 tolluntur
1729 4950 1853 5005 venialia
1879 4963 2010 5020 peccata.
2047 4957 2095 5011 Sic

401 5039 489 5092 nialis
504 5038 617 5108 peccati
633 5036 706 5091 nibil
723 5036 808 5090 aliud
824 5037 877 5104 tit,
905 5052 989 5105 quam
1008 5036 1110 5091 solutio
1123 5054 1235 5105 poenae
1262 5034 1446 5103 aeternna,
1482 5042 1602 5088 eatrema
1632 5036 1726 5089 unctio
1755 5044 1781 5089 ct
1810 5037 1871 5091 alia
1899 5052 2094 5109 sacramenta,·

400 5125 564 5195 temporalis
586 5140 642 5194 pro
669 5140 701 5176 eo
728 5123 845 5178 debitae.
893 5120 951 5176 Alii
979 5128 1075 5177 contra
1101 5129 1234 5195 statuunt,
1261 5123 1287 5173 2.
1307 5122 1337 5172 in
1360 5129 1493 5190 quantttm
1515 5131 1580 5176 sunt
1603 5140 1665 5175 cum
1690 5123 1787 5192 aliquo
1804 5133 1880 5179 motu
1900 5128 2092 5185 detestationis

401 5210 476 5282 qnod
503 5210 628 5266 remissio
652 5212 844 5281 cujtiseunqus
872 5208 981 5278 peccati
1008 5209 1195 5281 inunguatur
1217 5229 1235 5267 a
1257 5214 1452 5278 peccotorum,·
1477 5209 1528 5261 loe
1550 5210 1634 5263 modo
1658 5210 1800 5271 confusio
1823 5214 1978 5282 enema,
2000 5218 2091 5270 tunsis

399 5295 559 5352 remissione
575 5312 696 5367 poenae,
720 5295 838 5366 ideoque
855 5294 1043 5349 remissionem
1061 5298 1170 5366 peccati
1187 5313 1233 5351 vs·
1256 5295 1395 5362 pectoris,
1425 5296 1516 5348 oratio
1537 5296 1689 5349 Dominiea
1715 5306 1868 5365 operantur
1891 5301 1932 5354 cd
1952 5305 2091 5357 remissio·
2104 5310 2148 5358 nt

398 5381 480 5439 nialis
502 5382 563 5438 fieri
588 5399 639 5453 per
663 5381 783 5454 aliquem
810 5388 916 5450 sctum,
942 5380 990 5452 qui
1009 5380 1070 5437 Deo
1088 5382 1177 5454 magis
1197 5382 1234 5437 sit
1259 5397 1320 5433 nem
1345 5381 1496 5434 venialium
1501 5402 1514 5447 ,·
1543 5385 1571 5438 3.
1593 5382 1623 5435 in
1653 5391 1788 5452 quamam
1816 5393 1881 5439 sunt
1906 5404 1969 5441 cum
1994 5390 2090 5460 aliqua

398 5473 544 5541 acceptus,
567 5483 650 5539 quam
673 5468 782 5523 veniale
804 5474 949 5537 paccatum
967 5467 1120 5538 displiceat.
1157 5466 1232 5521 Hinc
1259 5475 1334 5520 motu
1363 5468 1532 5521 reuerentiae
1562 5469 1591 5521 in
1626 5471 1720 5522 Deum
1749 5478 1775 5524 et
1806 5489 1851 5525 res
1882 5473 2013 5541 divinas,
2040 5477 2090 5532 boc

396 5555 514 5612 alterius
532 5553 669 5623 inierunt,
688 5570 744 5609 nou
761 5569 821 5610 esse
840 5553 1040 5623 necessarium,
1065 5569 1149 5626 agere
1167 5571 1232 5624 poe·
1258 5555 1341 5607 modo
1367 5554 1536 5624 episcopalis
1559 5556 1727 5625 benedictio,
1755 5559 1884 5629 aspersio
1905 5578 1999 5630 aquae
2015 5565 2091 5619 bene

396 5642 542 5700 nitentium
560 5641 596 5696 ds
611 5640 773 5696 venialibus.
790 5639 851 5708 ¹Sic
866 5642 940 5696 euim
951 5640 1013 5696 Biel
1030 5647 1055 5696 t.
1075 5648 1144 5695 sont
1162 5640 1229 5697 dist.
1258 5640 1350 5694 dictae
1367 5646 1419 5695 etc.
1438 5649 1591 5711 operantur
1607 5644 1649 5696 ad
1666 5652 1847 5713 pcccatorum
1863 5646 1980 5702 itteram
1996 5650 2090 5704 remis

398 5736 438 5787 16.
455 5747 484 5803 q.
509 5737 532 5786 b.
555 5734 607 5783 art.
632 5734 663 5783 2:
692 5728 739 5784 Ad
764 5728 953 5782 remissionem
975 5727 1090 5798 peccati
1110 5728 1231 5782 venialis
1256 5727 1369 5782 sionem

394 5834 451 5874 aon
479 5816 634 5889 requiritur
656 5814 831 5885 poenitentia
860 5814 979 5885 proprie
1003 5821 1142 5884 ποιμα,
1177 5829 1230 5871 acc
1290 5820 1332 5871 92.
1360 5812 1539 5871 Pherissioes
1553 5813 1618 5872 huic
1637 5820 1816 5888 peccatasum
1832 5821 2037 5893 extsumtioni,
2056 5824 2096 5881 le·
