5017 6675
439 633 498 691 152
1119 664 1121 671 .
1154 616 1278 692 Locus
1297 617 1425 681 NONUS
1507 666 1512 675 ,

436 795 498 833 rum
511 777 618 849 apertio
631 781 784 832 catsansns
802 773 912 848 peccati
930 779 959 830 et
975 773 1159 836 conscientiae
1179 773 1273 830 stimu-
1306 783 1426 849 terprete
1450 776 1647 848 Chrysostomo
1673 773 1699 830 b.
1724 775 1742 832 1
1790 776 1844 842 Qui
1874 775 1920 843 fit,
1948 775 2024 847 quod
2050 793 2146 833 meum

439 865 496 931 lus,
515 870 573 917 tum
593 864 705 918 demum
724 860 938 934 cognoscebant,
956 877 1039 932 quam
1049 860 1171 931 graviter
1183 860 1274 916 Deum
1304 864 1380 937 fugis
1410 870 1604 935 conspectum,
1643 864 1718 934 quod
1751 861 1921 917 exhorrescis
1953 862 2051 919 audita
2081 880 2146 919 mea

440 947 636 1016 offendissent,
664 965 697 1003 ex
724 953 829 1019 quanta
856 946 991 1002 felicitate
1022 947 1164 1002 deturbati
1191 952 1220 1002 et
1247 946 1275 1001 in
1305 967 1387 1020 voce,
1411 967 1474 1004 cum
1498 955 1580 1004 44444
1606 949 1704 1006 alacris
1722 955 1751 1004 et
1767 949 1860 1004 laetus
1878 948 1945 1004 mihi
1964 950 2145 1006 occurreres?

440 1040 576 1108 quantum
603 1034 773 1090 miseriarum
796 1033 959 1088 barathrum
983 1050 1032 1104 per
1056 1039 1203 1104 peccatum
1229 1034 1275 1088 de·
1304 1036 1362 1092 Cur
1392 1036 1428 1091 de
1455 1036 1582 1091 nuditate
1611 1034 1772 1092 erubescis?
1802 1052 1895 1091 annon
1925 1036 2054 1109 agnoscis
2084 1052 2144 1092 444-

437 1122 631 1178 mersissent.
660 1121 735 1174 Ante
748 1119 859 1190 lapsum
876 1119 949 1172 nibil
963 1119 1102 1189 putabant
1118 1119 1277 1186 uelandum,
1304 1122 1460 1193 ruptionem
1486 1127 1603 1176 naturae
1627 1138 1661 1177 ex
1689 1129 1804 1193 peccato
1834 1123 1945 1177 ortam?
1972 1122 2042 1179 haec
2068 1128 2146 1178 certe

436 1208 506 1280 quia
532 1209 605 1263 nibil
631 1207 784 1261 sentiebant
810 1206 1023 1274 refrenandum.
1068 1205 1142 1276 Aug.
1172 1210 1212 1260 ll.
1241 1205 1277 1259 de
1306 1225 1338 1263 eo
1358 1209 1464 1263 directa
1482 1207 1595 1264 fuerunt
1614 1208 1720 1277 omnia,
1738 1215 1771 1263 ut
1788 1208 1824 1262 ad
1842 1208 2013 1282 agnitionem
2034 1208 2145 1279 peccati

438 1295 510 1354 Gen.
537 1295 574 1350 ad
597 1292 637 1349 lit.
664 1309 687 1346 c.
714 1298 737 1347 t.
763 1298 828 1362 post
850 1291 960 1362 lapsum
982 1298 1075 1346 autem
1096 1289 1230 1347 videbant
1247 1307 1277 1345 se
1305 1302 1333 1351 et
1352 1295 1478 1350 miseriae
1496 1310 1547 1365 per
1570 1299 1717 1365 peccatum
1741 1294 1917 1349 introductae
1942 1294 2023 1349 homo
2042 1296 2144 1367 perdu-

437 1399 499 1450 4444
516 1381 617 1449 nudos,
641 1378 902 1433 animadvertebant
926 1394 956 1432 se
979 1377 1113 1448 spoliatos
1132 1393 1193 1432 csse
1212 1394 1277 1432 con·
1306 1388 1422 1438 caretur.
1464 1380 1543 1447 Quae
1569 1382 1676 1452 poenae
1701 1381 1762 1436 loco
1788 1380 1885 1451 primia
1910 1381 2072 1452 parentibus
2096 1382 2144 1438 de

438 1473 533 1524 creata
548 1465 665 1539 'justitia
691 1473 719 1521 44
736 1465 911 1537 integritate,
937 1481 1048 1520 carnem
1074 1464 1192 1518 stimulis
1214 1463 1277 1518 libi-
1306 1467 1477 1536 nuntiantur,
1496 1485 1530 1523 ea
1542 1467 1658 1538 proprie
1676 1466 1814 1539 loquendo
1833 1473 1897 1522 sunt
1907 1472 2048 1538 pateruae
2060 1468 2144 1524 easti-

441 1554 536 1610 dinum
563 1553 679 1608 excitari
707 1559 735 1607 et
762 1552 854 1624 legem
883 1552 1068 1606 membrorum
1094 1550 1150 1621 legi
1178 1551 1278 1604 mentis
1306 1553 1432 1625 gationea
1451 1554 1519 1624 ipsis
1538 1561 1598 1608 tum
1618 1554 1728 1608 demum
1747 1553 1904 1623 impositae,
1926 1560 2076 1625 postquam
2094 1573 2145 1626 par
2157 1564 2222 1608 M

440 1639 578 1698 reluctari.
597 1639 718 1710 August.
739 1643 777 1694 ll.
797 1638 831 1693 de
844 1637 897 1693 civ.
908 1637 975 1692 DEI
993 1655 1016 1693 c.
1037 1643 1082 1694 l'l:
1102 1637 1186 1690 Nudi
1196 1643 1279 1690 erant
1306 1641 1496 1711 evangelicam
1515 1641 1550 1696 de
1568 1640 1672 1696 semine
1690 1640 1812 1695 mulieris
1832 1646 1918 1710 caput
1929 1641 2064 1711 serpentis
2079 1658 2145 1697 con·

442 1729 517 1798 [ante
534 1721 654 1797 lapsum]
674 1733 699 1778 et
715 1743 772 1778 non
791 1725 1049 1792 confundebantur,
1069 1742 1125 1778 non
1143 1725 1220 1792 quaed
1238 1724 1278 1775 414
1305 1726 1404 1782 tritura
1434 1727 1643 1797 promissionem
1672 1727 1701 1781 in
1726 1727 1844 1798 gratiam
1870 1731 1949 1781 erant
1975 1743 1993 1781 a
2016 1725 2078 1782 Deo
2102 1744 2145 1783 re·

441 1832 493 1868 sua
510 1811 626 1865 nuditas
645 1819 717 1865 esset
734 1811 885 1879 incoanita,
904 1812 956 1864 sed
971 1810 1065 1879 turpis
1082 1811 1196 1863 nuditas
1210 1827 1278 1863 non·
1306 1812 1388 1882 cepti.
1423 1811 1500 1867 Evae
1519 1812 1699 1868 denuntiatur
1717 1813 1780 1884 boc,
1800 1814 1873 1884 quod
1887 1813 2066 1868 libidinosum
2080 1830 2146 1869 con·

441 1902 507 1953 dum
526 1906 595 1959 erat,
616 1897 684 1966 qaia
701 1897 824 1949 nondum
846 1895 936 1949 libido
952 1897 1075 1949 membra
1094 1895 1148 1949 illa
1162 1903 1279 1965 praeter
1307 1904 1418 1968 ceptum
1440 1898 1579 1953 laboriosa
1601 1899 1723 1972 gestatio
1746 1905 1775 1954 et
1797 1898 1965 1970 multiplices
1982 1906 2079 1970 partus
2098 1900 2146 1955 do-

442 1985 590 2039 arbitrium
609 1985 808 2050 commovebat,
834 1984 958 2036 nandum
984 1984 1026 2035 ad
1042 1981 1163 2035 bominis
1189 1981 1279 2035 inobe-
1307 1984 1379 2038 lorea
1408 1983 1464 2039 sint
1489 1985 1626 2054 secuturi,
1653 1986 1784 2058 quodque
1807 1985 1867 2039 viro
1893 1992 2009 2057 cogetur
2035 1985 2147 2056 subjici.

442 2073 580 2127 dientiam
599 2071 829 2138 redarquendam
846 2086 899 2121 444
921 2068 1111 2122 inobedientia
1126 2085 1193 2122 caro
1212 2085 1278 2137 quo·
1308 2069 1375 2126 Viro
1395 2070 1575 2126 denuntiatur
1593 2071 1728 2127 bonarum
1746 2071 1860 2142 frugum
1878 2071 2023 2138 sterilitas,
2051 2072 2147 2128 noxia·

445 2159 596 2213 dammodo
614 2156 801 2211 testimonium
815 2154 988 2224 perhibebat.
1307 2173 1368 2210 rum
1385 2155 1524 2223 fertilitas,
1545 2157 1635 2211 victus
1654 2157 1819 2228 difficultas,
1840 2155 1942 2212 laboris
1961 2157 2094 2223 anxietas,
2113 2176 2148 2214 ac

477 2249 520 2302 43,
555 2244 684 2310 Quantae
707 2241 840 2296 tenebrae
864 2239 1007 2294 inlocum
1031 2238 1148 2295 amissae
1171 2238 1280 2310 sapien·
1307 2241 1419 2297 tandem
1450 2241 1545 2313 mortis
1576 2241 1722 2298 acerbitas.
1764 2243 1827 2298 Hae
1854 2243 2027 2299 calamitates
2049 2245 2148 2315 primis

442 2332 499 2387 tiae
518 2327 711 2391 successerint,
729 2325 831 2382 indicio
851 2343 912 2381 esse
928 2330 1035 2397 potest,
1061 2325 1135 2396 quod
1155 2342 1188 2380 ex
1205 2324 1280 2380 foliis
1308 2328 1469 2398 parentibus
1487 2335 1551 2399 post
1563 2329 1671 2399 peccati
1684 2328 1872 2385 remissionem
1889 2331 2066 2400 impetratam
2081 2336 2148 2386 sunt

445 2417 515 2475 licus
533 2415 704 2487 perizomata
721 2412 775 2468 sibi
795 2409 946 2482 donsuunt,
976 2419 1004 2467 et
1021 2411 1195 2484 perspicaces
1211 2411 1280 2466 DEI
1308 2413 1467 2484 impositae,
1494 2420 1527 2492 ut
1549 2420 1642 2469 essent
1663 2421 1827 2485 perpetuum
1854 2413 2038 2488 μνημόσυνον
2056 2418 2147 2487 gravi·

444 2503 539 2559 oculos
564 2519 593 2556 se
617 2500 714 2555 fallere
728 2515 810 2571 posse
836 2497 1007 2562 existimant,
1037 2515 1101 2553 cum
1124 2504 1218 2553 tamen
1240 2497 1279 2551 di·
1307 2501 1372 2554 tatis
1395 2500 1504 2572 lapsus,
1530 2518 1564 2556 ac
1586 2501 1707 2556 salutare
1731 2501 1888 2573 apeccatis
1907 2501 2147 2574 npoqsdamxbr,

444 2589 526 2645 vinae
554 2585 708 2658 majestatis
737 2584 810 2640 oculi
836 2586 929 2640 omnia
957 2591 1114 2656 penetrent,
1139 2585 1225 2640 corda
1253 2590 1282 2638 et
1308 2588 1428 2659 denique
1445 2587 1640 2658 poenitentiae,
1659 2589 1727 2659 spei,
1746 2587 1898 2659 patientiae
1916 2593 1945 2643 44
1962 2589 2080 2644 abarum
2093 2589 2148 2644 vir·

335 2704 338 2710 ·
442 2693 524 2753 renes
550 2674 685 2746 probent,
714 2677 744 2731 st
769 2672 947 2728 absconditos
973 2672 1099 2728 cordium
1126 2677 1280 2727 nostorum
1307 2680 1398 2729 tutum
1416 2673 1620 2749 44144τὴ444.

443 2779 569 2819 recessus
596 2761 625 2815 in
653 2759 758 2823 lumine
784 2759 879 2814 vultus
905 2759 949 2814 sui
979 2759 1118 2830 expositos
1150 2757 1281 2813 habeant
1343 2765 1384 2815 46.
1420 2759 1543 2826 Poenam
1563 2761 1683 2831 serpenti
1703 2759 1837 2815 inflictam
1854 2759 1893 2815 ita
1910 2761 2024 2832 exponit
2039 2760 2222 2815 acuar-1³00·

444 2850 547 2905 Latere
565 2848 694 2901 colebant
716 2862 794 2912 earn,
817 2863 897 2916 quem
922 2846 1010 2899 latere
1034 2845 1106 2926 411441
1125 2853 1231 2914 potest,
1257 2853 1282 2898 44
1308 2845 1399 2900 minus
1415 2845 1490 2900 dicto
1514 2847 1591 2915 loco,
1617 2854 1649 2902 ut
1667 2852 1755 2901 totam
1778 2846 1859 2902 istam
1877 2846 2039 2902 sententiam
2058 2823 2222 2918 primomm

387 2966 389 2973 ·
445 2953 558 2990 carnem
576 2933 718 2987 occsdtare
743 2933 777 2985 ab
803 2948 849 3000 eo,
874 2931 924 3002 qui
947 2940 988 2986 est
1014 2932 1155 3001 inspector
1177 2931 1282 2999 cordae,
1309 2935 1419 2998 referat
1437 2934 1479 2986 ad
1494 2933 1653 2987 naturalem
1670 2942 1839 3003 serpentem,
1860 2951 1895 2987 ac
1908 2942 2010 3003 postea
2029 2936 2151 2988 eandem

445 3020 627 3094 August'de
647 3019 718 3073 Gen.
743 3018 780 3072 ad
804 3019 844 3073 lit.
872 3035 897 3075 c.
916 3023 957 3074 34.
994 3016 1065 3073 Cum
1089 3017 1283 3073 excaecatione
1310 3026 1397 3072 totam
1416 3021 1605 3073 accommodet
1619 3021 1660 3072 ad
1678 3020 1832 3088 diabolum,
1851 3036 1906 3090 qua
1924 3020 1952 3073 in
1967 3026 2047 3089 parte
2060 3019 2151 3076 disce·

446 3108 496 3163 ills
513 3113 658 3178 peccatum
677 3112 773 3158 secuta
799 3104 964 3173 conjunctus
988 3110 1031 3158 est
1051 3110 1152 3171 terror,
1181 3109 1284 3158 memor
1312 3105 1354 3159 dit
1371 3121 1388 3160 a
1406 3104 1529 3177 genuina
1548 3111 1576 3159 et
1592 3103 1720 3177 legitima
1735 3110 1827 3160 textus
1845 3105 2024 3176 expositione,
2042 3105 2153 3177 quippe

446 3211 480 3249 ac
497 3191 663 3264 trepidati03
690 3191 802 3261 fugiunt
820 3190 893 3244 enim
912 3195 1091 3259 conspectum
1108 3189 1177 3257 Dei,
1202 3207 1284 3261 quem
1312 3191 1393 3261 cujus
1417 3191 1493 3262 prior
1516 3208 1582 3262 pars
1605 3191 1642 3245 ad
1667 3191 1822 3246 naturalem
1847 3197 2002 3261 serpentem
2028 3191 2153 3262 pertinet

448 3285 531 3335 antea
541 3276 756 3333 familiarissime
775 3274 995 3346 alloquebantur.
1026 3274 1181 3347 Trepidant
1192 3292 1285 3329 coram
1314 3277 1377 3348 [non
1405 3278 1441 3331 ad
1464 3276 1631 3346 diabolum],
1664 3293 1728 3331 cum
1751 3275 1829 3331 Deus
1856 3276 1897 3331 sic
1923 3276 2033 3332 intonat
2056 3294 2083 3332 v.
2103 3283 2151 3334 ll:

450 3383 493 3434 eo,
514 3380 597 3437 quem
615 3369 699 3418 antea
716 3378 823 3416 summa
835 3380 898 3417 cum
912 3361 1018 3417 laetitia
1030 3362 1189 3418 audiebant.
1219 3361 1287 3416 Ter·
1316 3365 1390 3427 Quia
1400 3365 1505 3432 fecisti
1517 3364 1577 3433 boc,
1594 3363 1759 3417 maledictus
1777 3364 1891 3418 esinter
1904 3364 2153 3436 amniaanimais'a

450 3459 546 3509 rentur
572 3450 634 3508 folii
660 3456 744 3503 vento
773 3449 873 3519 agitati
901 3448 1062 3504 tenuissimo
1084 3449 1197 3519 spiritu,
1223 3466 1287 3503 cum
1314 3459 1339 3504 et
1363 3451 1466 3503 beatius
1489 3457 1598 3516 terrae,
1626 3466 1711 3519 44444
1724 3457 1825 3520 pectus
1850 3459 1928 3504 tuum
1954 3451 2099 3519 praelieris
2124 3459 2153 3504 et

451 3546 534 3596 antea
550 3531 585 3593 in
608 3552 715 3591 summa
740 3536 838 3592 mentis
862 3551 933 3607 paee
959 3551 993 3589 ac
1020 3534 1222 3606 tranquillitate
1246 3535 1287 3589 ri·
1313 3545 1419 3591 terram
1454 3538 1582 3590 comedes
1611 3536 1719 3590 cunctis
1749 3537 1847 3590 diebsss
1877 3538 1959 3592 uitae.
2010 3536 2153 3593 Posterior

450 3630 555 3681 verent.
1313 3623 1532 3680 comminationis
1551 3638 1615 3693 pars
1634 3621 1744 3693 proprie
1761 3621 1941 3678 adSatanam
1957 3628 2068 3694 spectat
2086 3624 2153 3692 [nou

485 3717 527 3768 44.
563 3708 619 3766 Sed
637 3715 666 3765 44
684 3709 721 3763 ad
741 3708 864 3763 tribunal
880 3706 982 3780 judicii
994 3706 1080 3761 divini
1092 3706 1235 3775 sistuntur,
1253 3722 1287 3761 ac
1314 3709 1350 3766 ad
1379 3708 1534 3764 naturalem
1564 3709 1751 3779 serpentem],
1783 3725 1847 3763 cum
1864 3707 1942 3764 Dens
1971 3708 2011 3763 ita
2029 3707 2153 3779 loquitur

452 3814 536 3853 causa
552 3796 676 3868 ipsorum
694 3794 849 3850 discutitur.
886 3793 942 3851 Ubi
970 3792 1187 3862 observandum,
1212 3793 1287 3864 quod
1313 3816 1338 3851 v.
1360 3802 1405 3851 15:
1434 3795 1606 3848 Inimicitias
1626 3812 1734 3865 ponam
1752 3793 1826 3849 inte'r
1851 3803 1876 3848 44
1898 3803 1924 3848 et
1941 3795 2100 3864 mutarem,
2124 3804 2152 3850 44

451 3884 488 3939 ad
506 3882 692 3937 tristissimam
711 3881 873 3936 caecitatem
893 3881 922 3934 in
940 3887 1050 3949 mente,
1072 3879 1240 3936 aversionem
1261 3887 1289 3936 et
1313 3900 1405 3936 sesnen
1429 3890 1505 3936 tumn
1528 3888 1554 3936 44
1578 3897 1671 3942 semen
1688 3882 1783 3950 illias,
1811 3883 1904 3950 144444
1925 3888 2048 3935 canunt
2065 3889 2153 3951 caput

451 3970 549 4042 fugam
567 3967 622 4023 Dei
637 3968 668 4022 in
686 3967 846 4038 voluntate,
868 3966 1083 4038 repugnantiam
1102 3967 1131 4021 in
1149 3965 1288 4035 membris,
1314 3979 1397 4038 tuum,
1416 3976 1442 4022 44
1460 3975 1495 4021 tu.
1502 3968 1684 4021 insidiaberis
1702 3969 1835 4021 castaneo
1855 3968 1923 4037 ejus.
1961 3966 2030 4022 Cum
2047 3968 2153 4038 primos

452 4054 600 4111 accesserit
632 4053 716 4108 etiam
745 4052 852 4123 pcccati
883 4053 1041 4108 extenuatio
1072 4059 1100 4106 44
1130 4052 1229 4122 441444
1258 4052 1288 4106 in
1314 4061 1444 4126 parentes
1472 4070 1527 4108 non
1552 4053 1643 4107 nudus
1670 4052 1800 4124 quidam,
1832 4053 1881 4108 sed
1905 4052 2009 4107 Satana
2035 4052 2155 4123 stipatus

452 4136 538 4197 alium
554 4138 706 4195 4444414414.
741 4139 868 4194 Adamus
884 4139 994 4209 culpam
1006 4138 1139 4193 4444441414
1151 4139 1180 4193 in
1191 4126 1288 4208 Eiam,
1315 4157 1427 4211 serpens
1464 4138 1616 4206 seduxerit,
1653 4138 1721 4210 quid
1754 4138 1840 4193 textui
1878 4138 1968 4210 magis
2004 4139 2154 4203 conforme,

453 4226 532 4300 quasi
552 4226 590 4281 ad
605 4225 658 4280 boc
678 4225 744 4280 data
762 4224 875 4294 mulier,
900 4229 933 4278 ut
958 4242 1013 4277 non
1031 4224 1092 4296 1444
1111 4224 1203 4295 potius
1223 4225 1288 4280 obe·
1315 4244 1398 4298 quam
1428 4227 1452 4281 si
1484 4225 1553 4281 baec
1584 4225 1758 4281 comminatio
1788 4225 1895 4293 diviua,
1932 4225 2041 4280 ratione
2064 4226 2154 4296 partis

447 4305 526 4367 'diret
542 4312 601 4382 viro
620 4328 705 4384 quam
723 4317 756 4366 ut
773 4309 950 4367 obedientem
966 4310 1083 4365 haberet
1100 4311 1204 4380 virum,
1227 4311 1289 4365 Eva
1314 4313 1412 4385 prioris
1444 4312 1481 4366 ad
1504 4310 1674 4379 naturalem,
1705 4316 1734 4365 et
1757 4310 1864 4366 mtions
1887 4310 2045 4381 posterioris
2065 4312 2155 4383 partis

453 4400 482 4455 in
500 4402 669 4469 serpentem
697 4396 777 4469 qnasi
802 4412 859 4450 non
882 4396 982 4451 fuisset
1004 4396 1208 4452 sufficientibus
1225 4398 1289 4451 viri·
1315 4400 1351 4454 ad
1378 4398 1540 4454 infernalem
1566 4403 1721 4468 serpentem
1740 4395 1895 4453 referatur?
1930 4396 2028 4467 Neque
2052 4398 2154 4454 mirum

453 4486 507 4541 bus
534 4485 670 4541 instructa
695 4485 732 4538 ad
757 4483 940 4539 resistendam
969 4482 1130 4538 seductioni.
1180 4484 1291 4539 Revera
1315 4485 1435 4556 cuipiam
1466 4483 1555 4538 videri
1586 4482 1684 4549 debet,
1717 4483 1792 4554 quod
1819 4484 1940 4554 serpenti
1969 4499 2061 4554 poena
2084 4484 2155 4541 haec

453 4577 549 4628 autem
568 4571 597 4626 in
620 4571 712 4642 ipsum
729 4570 821 4625 Deum
848 4570 1014 4642 transfertur
1037 4569 1135 4639 culpa,
1163 4570 1211 4641 qui
1234 4588 1289 4625 ser·
1316 4572 1468 4643 infligitur,
1507 4569 1555 4640 qui
1591 4574 1686 4623 tamen
1721 4575 1764 4623 est
1801 4572 1871 4633 ζῶον
1910 4564 2032 4637 bloyam
2065 4569 2155 4625 voluit

454 4666 567 4730 pentem
589 4664 617 4712 et
635 4655 723 4710 Evam
744 4661 900 4720 creaverat,
927 4662 1010 4727 atque
1028 4655 1100 4710 hanc
1117 4656 1176 4710 viro
1195 4657 1224 4712 in
1241 4658 1290 4712 ad.-
1318 4659 1391 4715 anim
1424 4656 1503 4711 Deus
1541 4655 1651 4726 peccati
1689 4653 1892 4710 deformitatem
1927 4660 1956 4710 et
1991 4654 2050 4712 irae
2084 4671 2154 4710 snae

453 4744 589 4817 jutorium
608 4742 731 4799 dederat.
1318 4742 1539 4815 magnitudinem
1559 4739 1594 4796 ob
1617 4741 1711 4795 oculos
1730 4740 1826 4812 primis
1844 4740 2007 4811 parentibus
2033 4747 2156 4798 statuere

380 4855 393 4882 ιι
491 4838 533 4887 45.
568 4828 700 4885 Bellarm.
726 4835 750 4885 3.
775 4828 810 4882 de
832 4826 923 4883 amiss.
950 4832 1021 4898 grat.
1043 4831 1072 4880 et
1097 4831 1160 4881 stat.
1185 4833 1291 4897 peccat.
1319 4847 1353 4886 ac
1376 4828 1520 4901 publicum
1537 4833 1631 4882 reatus
1650 4826 1762 4898 siguum
1781 4826 1810 4880 in
1832 4842 1866 4881 eo
1884 4843 2053 4898 proponere,
2079 4827 2157 4898 quod

458 4935 483 4974 c.
512 4923 551 4972 tl.
576 4915 612 4970 de
637 4931 728 4985 poena
750 4912 833 4984 primi
860 4913 969 4983 peceati
996 4912 1176 4976 disserentes,
1202 4912 1231 4967 in
1260 4929 1293 4967 eo
1319 4916 1372 4988 ipsi
1393 4914 1515 4971 omnium
1531 4912 1648 4969 creatori
1673 4918 1702 4968 44
1721 4913 1750 4967 in
1773 4912 1866 4967 omnia
1889 4929 1953 4968 ase
1977 4913 2091 4968 condita
2109 4929 2158 4968 au·

456 5008 563 5073 peccat,
585 5001 658 5073 quod
680 5000 837 5053 arbitrabar
850 4996 920 5053 Gen.
941 5003 965 5061 2,
985 4999 1094 5052 naellam
1108 5000 1179 5068 fieri
1195 5018 1214 5052 a
1228 5000 1293 5053 Deo
1320 5002 1473 5059 theuticum
1496 5000 1641 5072 imparium
1660 4998 1774 5055 babenti
1792 4998 1890 5071 utique
1906 4997 1999 5068 licuit;
2024 4998 2159 5055 indicitur

457 5091 623 5143 mentionem
654 5087 795 5158 propriae
829 5093 855 5140 et
886 5086 1046 5154 adequutae
1072 5085 1153 5138 1441444
1174 5102 1294 5155 poenae,
1321 5094 1413 5143 autem
1433 5087 1457 5141 ei
1477 5085 1701 5157 poenatriple13
1727 5100 1843 5155 quarum
1860 5083 1951 5155 prima
1968 5084 2113 5155 διαγωγὴν
2129 5092 2160 5141 st

458 5191 542 5243 qnam
568 5176 648 5228 bomo
669 5191 723 5243 per
740 5178 889 5243 peccatum
909 5171 1042 5240 irtcurrit,
1066 5172 1196 5226 uidelicet
1218 5175 1296 5241 quod
1321 5172 1485 5240 convictum,
1506 5172 1595 5226 altera
1611 5168 1728 5242 μορφὴν
1742 5169 1904 5240 etcorporis
1918 5169 2050 5239 formam,
2074 5170 2161 5227 tertia

454 5278 510 5331 per
520 5261 648 5331 primam
663 5268 811 5330 peecatum
825 5258 977 5326 oripinalis
988 5258 1105 5326 justitia
1123 5259 1162 5313 414
1182 5259 1294 5315 amissa.
1321 5261 1431 5313 diarum
1444 5263 1472 5311 et
1488 5255 1592 5312 victum
1604 5255 1752 5311 concernit.
1782 5254 1967 5311 Bellarminus
1980 5256 2161 5314 adSatanam

457 5344 546 5418 Atqui
564 5345 675 5416 quando
691 5345 770 5400 Deus
789 5343 928 5400 Adamum
946 5350 1029 5399 vocat
1052 5349 1081 5399 44
1097 5344 1123 5399 41
1141 5345 1223 5400 dicit:
1247 5346 1297 5398 nbi
1320 5346 1390 5400 baec
1409 5343 1620 5398 accommodans
1637 5342 1694 5396 vim
1713 5341 1800 5397 textui
1818 5341 1916 5397 infert:
1945 5342 2125 5415 Diaboluss
2148 5373 2161 5384 ·

459 5434 508 5487 ar
526 5450 552 5484 v.
570 5438 594 5487 9.
614 5430 726 5501 quando
743 5447 777 5486 ex
794 5430 856 5502 ipso
875 5428 993 5502 quaerit,
1011 5429 1073 5501 quis
1087 5429 1222 5485 indicavit
1235 5431 1296 5498 tibi,
1307 5390 1311 5492 1
1322 5430 1393 5503 quit]
1412 5430 1579 5484 maledictas
1596 5436 1636 5482 eat
1655 5428 1727 5482 inter
1744 5429 1838 5482 omnia
1856 5418 2039 5481 animalia'et
2055 5428 2162 5484 bestias

437 5517 534 5597 ¹quod
559 5516 651 5571 nudus
679 5518 774 5572 esses?
803 5535 828 5570 v.
857 5521 896 5572 lt.
944 5513 1017 5571 Satis
1042 5515 1188 5587 perspicue
1214 5499 1422 5594 miae-iterrae,
1444 5518 1513 5586 quia
1529 5516 1615 5570 441444
1633 5533 1667 5570 aa
1687 5515 1884 5585 udiseffectas
1903 5522 2045 5584 estsuper
2064 5530 2162 5570 omnes

374 5665 395 5676 ,Ι
457 5605 542 5672 riam,
570 5618 655 5674 quam
679 5600 822 5674 originalis
842 5600 971 5672 justitiae
995 5600 1143 5657 amissione
1170 5601 1378 5672 incurrit,{siue
1398 5604 1514 5672 4444144
1532 5603 1589 5657 4144
1606 5601 1730 5656 domines
1742 5608 1914 5671 peccatores.
1954 5600 2049 5669 Srspar
2061 5608 2170 5669 peetus

457 5691 562 5747 homini
589 5689 626 5745 ob
652 5688 747 5743 oculos
772 5687 865 5759 ponit;
890 5706 949 5743 non
971 5688 1043 5742 enim
1066 5688 1126 5752 fuit
1149 5688 1219 5741 baec
1243 5671 1309 5753 4441
1320 5691 1455 5759 graditur
1472 5690 1619 5758 diabolus,
1647 5696 1706 5743 tum
1734 5686 1803 5757 quia
1831 5687 1862 5739 in
1890 5687 1996 5740 astratia
2020 5703 2074 5740 sua
2096 5704 2164 5742 eon·

458 5778 631 5847 ignorantis,
662 5775 715 5829 sed
745 5774 925 5844 increpantis.
975 5773 1049 5847 Aug.
1081 5778 1122 5830 ll.
1154 5773 1191 5829 de
1222 5773 1293 5833 Gen.
1306 5771 1309 5820 1
1314 5779 1398 5845 fidit,
1425 5784 1484 5831 tum
1508 5777 1576 5846 quia
1597 5774 1769 5846 pessumam
1786 5790 1806 5828 a
1822 5774 1909 5828 DEO
1928 5774 1962 5824 dc
1980 5772 2117 5841 superbia
2133 5781 2166 5828 et

458 5863 497 5919 ad
520 5864 562 5920 114.
588 5879 613 5919 a.
639 5867 681 5943 34.
705 5860 765 5929 fuit
793 5860 878 5916 441444
906 5878 959 5915 444
989 5860 1224 5930 commiserantis,
1251 5849 1309 5917 inl
1320 5863 1405 5931 falsa
1417 5869 1558 5934 poma
1574 5864 1709 5932 paudere.
1746 5858 1865 5915 Terram
1881 5858 2005 5940 mmedit
2019 5855 2166 5931 diabulau,
