5017 6675
959 626 1011 684 na
1032 624 1216 685 saccaria
1232 626 1485 691 scansurus.
1699 614 1705 621 “
2004 634 2066 702 ris

303 782 392 838 Mn
416 781 516 850 nobis,
544 781 594 836 aad
620 787 648 837 et
670 782 754 853 plane
770 798 826 837 non
843 783 879 839 sit
895 783 924 838 iu
942 783 1030 839 nobis.
1073 782 1206 854 Appellat
1236 786 1327 840 carnis
1359 787 1469 842 nomine
1497 787 1560 844 Gal.
1581 797 1605 845 5.
1635 790 1722 844 totum
1752 789 1906 859 hominem,
1931 799 2068 861 quatenus

363 886 467 940 eorpus
479 867 586 938 mortis,
606 869 672 940 quia
689 877 803 940 propter
819 875 965 940 peccatum
980 870 1071 925 adhuc
1084 872 1113 925 in
1126 870 1205 926 nobis
1234 873 1287 928 sub
1312 875 1421 944 peceati
1444 877 1515 948 jugo
1541 875 1632 931 adbuc
1658 877 1825 930 constitutus
1852 881 1906 941 est,
1933 877 2066 949 intelligi3

363 955 497 1011 babitans
517 955 638 1026 subjecti
656 972 751 1010 sumus
769 957 863 1016 morti,
888 974 960 1028 quae
978 974 1033 1011 non
1052 957 1140 1012 solum
1158 957 1204 1012 de-
1230 961 1291 1030 jam
1310 978 1375 1015 vero
1394 961 1430 1016 ab
1447 962 1497 1015 illa
1514 962 1737 1033 concupiscentia
1760 963 1851 1017 carnis
1871 964 1954 1018 etiam
1975 964 2003 1017 in
2023 982 2067 1018 su-

362 1042 488 1098 finienda
513 1049 556 1097 est
574 1042 761 1098 destructione
781 1043 918 1114 corporis,
943 1044 992 1097 sed
1012 1044 1094 1098 etiam
1111 1043 1205 1098 dolore
1233 1047 1389 1116 perioribus
1408 1049 1516 1103 animae
1532 1049 1638 1104 viribus
1655 1048 1743 1104 renati
1761 1049 1883 1104 nondum
1901 1057 1966 1103 sunt
1985 1051 2067 1120 plene

363 1147 398 1184 sc
408 1129 522 1186 miseria
535 1129 645 1184 animae
656 1146 672 1184 e
685 1130 797 1202 proprio
811 1148 861 1186 suo
873 1131 1013 1186 domicilio
1025 1130 1120 1201 egredi
1132 1146 1204 1184 com·
1232 1149 1264 1187 ac
1284 1134 1367 1203 plane
1384 1134 1479 1202 liberi3
1503 1135 1600 1207 utique
1624 1153 1690 1206 ergo
1707 1135 1817 1190 nomine
1836 1136 1926 1190 carnis
1943 1136 2022 1191 Rom.
2043 1144 2065 1192 1.

363 1217 471 1288 pulsae.
519 1217 734 1287 chrysostomus
762 1233 843 1271 serm.
878 1223 917 1275 13.
947 1217 976 1272 in
1003 1219 1083 1287 epist.
1112 1205 1329 1305 Romulitidem
1347 1226 1421 1275 totus
1439 1220 1521 1277 bomo
1540 1221 1719 1294 intelligitur,
1746 1239 1810 1276 cum
1837 1221 1866 1275 in
1889 1238 2008 1292 persona
2025 1241 2065 1277 re·

366 1303 433 1358 Orsm
454 1305 540 1357 ousiis
560 1305 638 1373 quod
656 1304 742 1356 dicit.-
770 1304 840 1366 Quis
857 1321 901 1358 ms
917 1305 1017 1373 eripiet
1034 1305 1069 1356 de
1086 1315 1359 1372 corporenarorum
1379 1308 1519 1377 apostolus
1539 1308 1579 1361 ibi
1602 1308 1739 1379 loquatur.
1774 1306 1818 1361 Ac
1841 1323 1877 1361 ne
1901 1306 1989 1361 ullum
2013 1308 2066 1363 bac

364 1393 462 1445 mortis
487 1392 594 1461 hujus?
619 1392 681 1444 noli
701 1399 822 1460 praere,
848 1392 926 1465 qood
948 1406 1061 1444 curnem
1084 1398 1205 1443 aemma.
1231 1392 1266 1446 de
1276 1410 1307 1446 re
1320 1393 1440 1462 supersit
1454 1394 1578 1462 dubium,
1588 1411 1717 1465 urgemus
1733 1394 1878 1465 sequentia
1889 1401 2065 1465 argumenta:

365 1478 540 1551 Augustinus
561 1485 582 1534 1.
604 1478 639 1533 de
655 1485 734 1548 nupt.
753 1484 781 1532 et
798 1466 914 1548 concup.
935 1493 958 1532 e.
979 1482 1024 1532 13:
1043 1479 1084 1530 od
1102 1493 1204 1546 eorpus
1233 1486 1254 1534 1.
1276 1478 1444 1551 Ubicunque
1461 1479 1607 1551 Scriptura
1625 1481 1715 1535 earnis
1737 1480 1848 1535 nomine
1869 1481 2000 1535 describit
2017 1498 2064 1537 na·

366 1567 462 1620 mortis
486 1566 572 1634 hujus
589 1565 763 1632 intelligitur
785 1564 941 1633 pertiaere,
969 1571 1001 1616 ut
1025 1564 1087 1617 alia
1111 1563 1156 1617 lea
1173 1563 1204 1615 in
1230 1573 1308 1621 turso
1334 1566 1473 1622 humanae
1500 1567 1705 1638 corruptionem
1733 1585 1783 1638 per
1808 1574 1955 1639 peccatum
1981 1568 2064 1624 intro·

366 1652 496 1707 nemun}
514 1659 648 1720 repugnet
666 1651 723 1719 ispi
739 1651 846 1718 mentis,
862 1652 928 1703 dum
946 1668 1013 1705 caro
1034 1649 1358 1743 consupiscitjductam,
1386 1651 1551 1724 intelligitur
1578 1654 1700 1708 omnium
1729 1655 1837 1708 animae
1862 1653 1983 1724 partium
2006 1671 2064 1709 eor·

366 1743 503 1796 adversita
524 1739 670 1809 spiritum,
698 1739 752 1792 etsi
769 1745 884 1792 mertem
902 1755 956 1792 mon
976 1739 1117 1806 subjuget,
1134 1737 1203 1806 quia
1231 1738 1325 1809 ruptio
1350 1744 1379 1794 et
1404 1738 1609 1794 contaminatio.
1654 1739 1719 1795 Jam
1745 1756 1811 1795 vero
1837 1740 1947 1794 nomine
1974 1739 2064 1794 carnis

366 1836 391 1881 et
416 1828 537 1895 spiritus
561 1826 734 1895 concupierit
756 1827 892 1878 adversere
916 1841 1038 1878 carmem.
1073 1823 1131 1880 Ubi
1154 1823 1202 1877 ob·
1230 1825 1310 1880 Rom.
1335 1830 1357 1877 ¹1.
1377 1823 1542 1880 describitur
1564 1824 1703 1880 humanae
1725 1831 1842 1881 naturae
1859 1826 1997 1897 corruptio
2015 1842 2065 1897 per

365 1931 444 1968 serva
456 1913 540 1982 juxta
556 1911 761 1984 Augustinum,
781 1928 831 1982 per
849 1928 973 1973 carnem,
994 1911 1124 1978 membra,
1143 1926 1203 1963 oor·
1230 1918 1376 1982 peccatum
1404 1911 1561 1966 introducta
1584 1917 1612 1966 et
1637 1927 1669 1966 er
1694 1919 1809 1980 peccato
1831 1913 1936 1966 relicta.
1979 1912 2064 1984 Ergo,

366 2017 417 2070 pus
443 1999 540 2053 mortis
558 2004 610 2053 etc.
628 1998 701 2053 idem
719 1997 764 2052 bic
782 1998 918 2069 intelligi,
936 1997 1011 2069 quod
1029 1996 1092 2051 Gal.
1110 2003 1135 2052 5.
1152 2012 1203 2067 per
1230 2003 1283 2053 etc.
1314 2003 1338 2052 2.
1360 1997 1511 2068 Apostolus
1534 1997 1569 2053 de
1591 1998 1834 2053 renatis'testatur
1856 2006 1878 2054 1.
1897 1999 2019 2053 Corinth.
2039 2007 2063 2054 3.

367 2101 475 2141 earnem
501 2084 612 2155 spiritui
635 2090 838 2156 repugnantem
860 2084 1039 2155 intellig'tur,
1061 2084 1120 2153 jam
1138 2099 1203 2138 vero
1229 2092 1258 2141 et
1276 2090 1308 2148 6,
1337 2085 1412 2156 quod
1440 2101 1555 2154 corpora
1582 2084 1704 2155 ipsorum
1731 2085 1788 2140 siut
1811 2086 1916 2156 templa
1944 2085 2064 2156 Spiritus

365 2173 468 2228 fatetur
496 2170 680 2226 Bellarminus
707 2169 771 2225 Gal.
800 2178 830 2226 5:
858 2172 967 2224 nomime
994 2170 1090 2223 cursis
1117 2178 1203 2223 totum
1230 2171 1329 2234 sancti,
1347 2188 1404 2226 non
1422 2171 1512 2225 miuus
1530 2178 1562 2226 ut
1586 2171 1638 2227 boc
1663 2170 1723 2227 loco
1740 2172 1819 2227 Rom.
1838 2179 1861 2227 ¹1.
1881 2178 1971 2227 mente
1988 2172 2064 2243 ipsos

367 2260 517 2325 lominum,
545 2265 680 2327 quatem
703 2258 797 2310 adbuc
813 2258 936 2310 mondum
950 2255 1035 2326 pierre
1053 2263 1203 2309 renouatus
1229 2257 1285 2328 legi
1304 2257 1358 2312 Dei
1381 2257 1485 2312 servire
1509 2258 1583 2316 dicit.
1624 2259 1700 2330 Ergo
1722 2274 1777 2313 non
1802 2263 1893 2330 potest
1914 2259 1970 2313 tale
1992 2259 2065 2314 inter

367 2354 419 2413 est,
445 2345 570 2412 intelligi
576 2384 583 2409 ,
607 2345 642 2397 id
665 2345 743 2413 quod
764 2344 848 2397 etiam
866 2360 912 2396 res
930 2343 994 2413 2'psa
1013 2344 1202 2408 demonstrutr
1229 2359 1330 2414 eorpus
1360 2350 1388 2398 et
1416 2351 1536 2398 mentem
1564 2351 1720 2400 renatorum
1748 2345 1895 2400 discrimen
1925 2345 2064 2413 conaturi,

367 2433 466 2500 aspari
485 2431 558 2484 emim
575 2430 656 2484 mulia
672 2431 802 2483 verinis
820 2431 913 2499 speeie
927 2438 1032 2500 potest,
1055 2429 1139 2482 etium
1159 2445 1202 2481 re·
1230 2431 1309 2502 quusi
1333 2447 1410 2484 mens
1434 2437 1492 2485 tota
1515 2437 1648 2485 renovata
1669 2431 1706 2486 sit
1728 2436 1756 2486 et
1777 2436 1867 2486 totum
1887 2447 1988 2500 corpus
2010 2431 2063 2486 sub

367 2528 445 2572 sutor
470 2535 491 2570 o
518 2534 603 2570 corne
628 2517 771 2571 soiimturi
797 2519 838 2569 ud
863 2517 1006 2582 tumeres,
1034 2514 1201 2584 superbiam,
1228 2523 1368 2572 vetustate
1386 2516 1478 2572 adhuc
1497 2517 1684 2584 constitutum,
1704 2518 1754 2574 sed
1772 2519 1877 2586 caruis,
1896 2518 2017 2589 corporis
2034 2525 2064 2574 et

367 2606 525 2672 mumtmm,
543 2610 594 2659 etc.
622 2607 647 2656 5.
666 2605 777 2657 nomine
795 2604 893 2657 mentis
910 2601 1201 2670 intelligitopostolus
1229 2603 1414 2658 membrorum
1439 2603 1548 2658 nomine
1569 2603 1735 2675 intelligitur
1757 2610 1838 2659 vetus
1860 2606 1966 2671 Adam,
1988 2611 2062 2662 totus

366 2693 525 2746 interiorm
542 2691 695 2756 homimem,
715 2706 769 2758 prro
788 2690 900 2743 nomime
918 2689 1015 2742 anima
1034 2682 1202 2755 intelligitur
1227 2689 1325 2757 homo,
1346 2696 1482 2760 quatenus
1508 2689 1599 2744 adhue
1621 2689 1752 2757 carnalis3
1776 2690 1887 2745 nomine
1905 2690 2003 2746 mentis
2028 2708 2062 2747 ac

366 2777 517 2846 (teoni),
532 2776 642 2829 momine
657 2775 804 2828 eutmioris
817 2775 936 2828 homimis
949 2792 1058 2843 corprm
1076 2773 1199 2842 Respon·
1228 2776 1348 2846 Spiritus
1375 2775 1539 2848 intelligitur
1565 2794 1653 2831 novus
1680 2776 1775 2840 homo,
1802 2776 1855 2832 boc
1881 2781 1936 2842 est,
1964 2778 2061 2833 itidem

366 2865 473 2919 demus:
495 2861 652 2916 interiorem
670 2861 749 2915 illum
767 2861 905 2915 bominem
923 2861 959 2915 de
970 2861 1019 2915 die
1031 2860 1060 2915 in
1072 2860 1145 2914 diem
1157 2875 1199 2913 re·
1227 2868 1303 2918 totus
1329 2862 1425 2928 bomo,
1455 2871 1592 2934 quatenus
1619 2870 1767 2918 renovatus
1792 2869 1842 2918 est
1890 2870 1913 2919 3.
1943 2863 2061 2928 Quando

365 2950 458 3007 novari
487 2949 650 3020 pronuntiat
678 2948 831 3018 apostolus,
863 2947 960 3018 utique
989 2961 1056 3017 ergo
1077 2946 1199 2999 nondum
1228 2966 1314 3020 opera
1334 2951 1426 3004 carnis
1443 2949 1505 3005 Gal.
1526 2956 1549 3005 t.
1568 2955 1771 3018 enumerantur,
1790 2949 1859 3004 talis
1875 2951 1952 3004 carni
1971 2949 2060 3017 naei-
2074 2960 2100 2999 v.
2115 2958 2146 3001 to.

366 3039 443 3110 plene
460 3042 626 3099 renovatus,
653 3041 680 3089 et
703 3035 883 3105 inquantum
902 3034 1026 3087 nondum
1043 3038 1199 3094 renovatus,
1224 3056 1300 3109 paru
1327 3036 1501 3103 tribuuntur,
1527 3052 1598 3106 quae
1617 3053 1668 3090 nec
1687 3036 1738 3090 soli
1756 3037 1865 3108 corpori
1882 3053 1934 3091 nec
1951 3037 2061 3091 inferio·

366 3127 391 3179 in
407 3129 518 3178 tantum
530 3121 621 3176 adhuc
639 3119 691 3175 sub
703 3127 841 3175 vetustate
860 3123 902 3186 (et
919 3119 972 3174 sub
989 3122 1117 3190 peccato)
1135 3134 1199 3172 con·
1226 3124 1304 3178 ribus
1322 3121 1430 3177 animae
1447 3121 1628 3177 fecultatibus
1645 3130 1763 3192 tantum,
1787 3123 1836 3178 sed
1854 3122 1909 3194 ipsi
1929 3123 2062 3193 superiori

365 3210 492 3279 stitutus,
519 3215 552 3262 ut
574 3212 649 3263 recte
671 3206 779 3277 colligit
800 3207 976 3276 Augustinus
995 3211 1017 3260 2.
1037 3205 1072 3259 de
1094 3211 1199 3274 peccat
1227 3208 1348 3280 portioni
1363 3212 1409 3277 (ut
1428 3209 1591 3280 loquuntur)
1609 3216 1783 3280 competunt,
1803 3215 1835 3264 ut
1852 3216 1968 3265 constat
1996 3209 2062 3265 Jam

365 3297 450 3353 merit.
471 3285 703 3352 strauisset.
740 3291 795 3347 Per
812 3308 924 3348 earnem
943 3290 1200 3363 ipseBellarminus
1225 3312 1291 3352 vero
1319 3295 1354 3351 de
1377 3295 1475 3351 eadem
1502 3311 1583 3351 earne
1602 3301 1761 3352 renatorum
1779 3296 1904 3368 loquitur
1921 3298 2062 3367 apostolus

365 3384 497 3456 intelligit
521 3380 691 3436 uon'solum
715 3396 833 3449 corpus,
861 3380 910 3435 scd
936 3379 1020 3435 etiam
1043 3378 1200 3433 inferiorem
1225 3384 1305 3439 Rom.
1324 3390 1353 3451 ῖς
1372 3382 1468 3454 utique
1487 3400 1555 3454 ergo
1571 3382 1782 3438 nominecarnis
1795 3389 1870 3438 totus
1886 3384 1976 3451 bomo,
1995 3401 2062 3455 qua·

366 3473 474 3527 animae
492 3474 608 3540 partem,
624 3468 683 3537 jam
693 3483 758 3522 vero
771 3465 820 3520 illa
835 3466 950 3521 inferior
959 3484 1023 3538 pars
1035 3472 1077 3521 est
1088 3466 1201 3521 realiter
1226 3476 1307 3525 tenus
1326 3468 1417 3524 adhuc
1441 3469 1565 3523 nondum
1590 3469 1670 3539 plene
1694 3469 1722 3523 in
1747 3470 1874 3524 omnibus
1896 3470 2002 3524 viribus
2019 3488 2060 3525 re·

366 3576 450 3613 unum
468 3556 610 3626 cumipse
628 3555 720 3608 anima
740 3553 880 3626 ἀμερίστῳ
896 3557 944 3606 καὶ
962 3552 1107 3627 desidio,
1134 3570 1200 3624 quo·
1226 3562 1344 3611 novatus
1364 3560 1418 3624 est,
1440 3554 1613 3628 intelligitur.
1649 3562 1673 3611 4.
1692 3555 1773 3610 Illam
1791 3573 1902 3612 carnem
1920 3556 2061 3627 apostolus

364 3646 445 3700 modo
463 3642 550 3715 igitur
568 3657 678 3696 carnem
696 3645 725 3693 et
742 3640 903 3696 exteriorem
920 3638 1065 3704 bominem,
1082 3639 1162 3694 Rom.
1175 3646 1199 3695 7.
1226 3642 1370 3713 intelligit,
1396 3641 1477 3695 Rom.
1497 3647 1520 3709 t,
1549 3640 1595 3696 cui
1618 3645 1716 3711 postea
1738 3641 1819 3695 Rom.
1840 3648 1869 3708 8,
1892 3660 1918 3700 r.
1938 3649 1961 3697 6.
1989 3648 2018 3698 et
2035 3650 2059 3698 t.

363 3739 390 3787 et
408 3738 434 3787 2.
454 3730 519 3786 Cor.
539 3736 563 3784 4.
581 3744 640 3782 esse
659 3728 885 3800 ἰσοδυναμοῦντα
904 3726 1061 3781 obtinebit?
1081 3729 1106 3779 6.
1124 3743 1200 3792 curo,
1225 3727 1256 3781 ri
1276 3727 1408 3801 φρόνημα
1431 3726 1571 3782 adscribit
1615 3727 1679 3783 Jam
1697 3744 1762 3783 vero
1782 3737 1900 3799 φρονεῖν
1919 3735 1961 3783 est
1979 3747 2060 3800 supe·

362 3836 424 3872 eum
436 3818 468 3870 irs
483 3816 590 3868 malam
600 3822 714 3883 partem
725 3822 887 3883 usurpatur,
906 3832 962 3867 uon
973 3814 1030 3867 ursi
1042 3814 1138 3882 impiis
1149 3813 1200 3866 tri·
1225 3814 1304 3871 rioris
1323 3814 1432 3869 animae
1450 3812 1593 3867 facultatis
1611 3813 1762 3884 proprium.
1798 3816 1841 3869 Ea
1863 3815 1950 3887 igitur
1969 3816 2060 3870 carnis

363 3906 466 3959 buitur.
494 3901 717 3972 Respondemus:
738 3918 774 3954 an
791 3918 846 3954 uon
857 3901 959 3955 diserte
969 3901 1068 3970 Apost.
1082 3899 1160 3953 Rom.
1176 3906 1199 3955 7.
1225 3900 1412 3972 appellatione
1438 3899 1535 3954 itidem
1567 3900 1839 3971 comprehenditur..
1870 3910 1893 3957 5.
1920 3902 2060 3974 Quicquid

363 4011 389 4046 r.
403 3998 442 4046 14.
454 4008 505 4058 epo
517 3989 609 4042 adbuc
619 3988 745 4041 comatis
755 3990 836 4040 urm!
850 3985 941 4040 Galat
952 3994 977 4054 5,
988 4004 1013 4041 v.
1027 3991 1065 4041 16.
1078 3986 1120 4052 (in
1132 3984 1199 4057 ipsis
1224 3988 1317 4042 adhuc
1346 3987 1376 4040 in
1402 3986 1507 4041 renatis
1531 3986 1641 4059 indiget
1669 3990 1860 4057 renovatione,
1890 3989 1918 4042 id
1950 3989 2061 4044 nomine

362 4078 479 4143 renatis)
499 4093 566 4129 curo
586 4075 755 4144 concupiscit
774 4076 910 4127 aduersus
924 4073 1069 4141 Spiritum.
1098 4071 1199 4137 Quam·
1224 4072 1316 4128 carnia
1342 4073 1421 4127 Rom.
1448 4079 1471 4126 7.
1497 4071 1670 4145 intelligitur.
1714 4073 1854 4129 Counexio
1879 4080 1970 4145 patet,
1995 4075 2061 4146 quia

366 4164 409 4218 ris
427 4162 514 4234 igitur
531 4161 621 4216 renati
641 4161 696 4214 sint
712 4177 764 4230 per
781 4160 913 4230 Spiritum
932 4165 1056 4213 sanctum
1083 4176 1100 4213 a
1119 4166 1199 4214 reatu
1225 4159 1317 4215 carnis
1335 4158 1445 4214 nomine
1462 4176 1517 4213 non
1536 4159 1597 4229 ipsa
1614 4159 1778 4227 substantia,
1796 4161 1844 4215 sed
1864 4167 1985 4217 vetustas
2001 4178 2060 4217 ear·

365 4249 474 4322 peccati
493 4256 522 4303 et
541 4248 631 4302 earnis
651 4246 772 4301 dominio
795 4246 906 4300 liberati
928 4249 993 4315 (quo
1018 4251 1146 4316 respectu
1168 4246 1197 4299 in
1224 4246 1268 4301 nis
1285 4246 1445 4300 renovanda
1466 4246 1607 4317 accipitur.
1642 4246 1708 4300 iam
1732 4263 1797 4301 vcro
1820 4248 1909 4301 renuti
1932 4248 2059 4319 indigent

364 4353 451 4392 earne
464 4352 526 4392 esse
538 4338 700 4406 neganturl3
720 4342 813 4388 tamen
829 4350 862 4386 ex
879 4340 959 4404 parte
976 4333 1030 4387 sub
1048 4334 1139 4388 carnis
1158 4334 1198 4387 in·
1225 4332 1317 4387 adbuc
1338 4331 1464 4388 renovari
1482 4332 1582 4402 spiritu
1593 4332 1692 4386 mentis
1706 4331 1807 4401 Ephes.
1829 4340 1852 4401 4,
1870 4350 1896 4386 v.
1915 4339 1955 4387 2³.
1983 4334 2058 4403 Ergo

364 4424 496 4478 firmitate
513 4421 605 4476 adbuc
623 4420 751 4474 laborant
768 4425 797 4474 et
821 4420 857 4473 ad
876 4419 1025 4489 perfectam
1044 4421 1198 4475 renovatio-
1227 4418 1317 4474 carnis
1336 4418 1446 4473 nomine
1468 4417 1529 4488 ipsa
1547 4435 1656 4488 quoque
1677 4436 1753 4476 mena
1779 4426 1941 4474 renatorum-
1961 4418 2060 4474 intelli·

363 4527 429 4565 nem
454 4498 549 4564 adbuc
578 4506 798 4577 consequendam
828 4506 951 4576 aspirant
975 4508 1041 4576 (quo
1070 4515 1198 4577 respectu
1227 4505 1311 4576 gitur,
1328 4504 1457 4559 nimirum
1476 4509 1612 4573 quatenus
1630 4504 1721 4557 adhue
1741 4506 1863 4558 nondum
1881 4505 1962 4575 plene
1981 4521 2060 4559 reno·

363 4597 491 4653 carnales
517 4594 666 4654 dicuntur).
714 4599 737 4648 1.
764 4592 937 4659 Augustinus
962 4593 1061 4645 itidem
1090 4594 1199 4646 nomime
1229 4599 1294 4645 vata
1315 4596 1365 4645 est.
1401 4589 1479 4644 Haec
1497 4590 1662 4660 opponenda
1680 4598 1746 4644 sunt
1764 4590 1938 4661 Stapletono,
1966 4591 2061 4663 quiin

364 4685 463 4738 carris
490 4681 624 4746 intelligit
648 4688 755 4733 tantum
778 4696 879 4747 corpus
902 4686 928 4731 et
946 4687 1056 4747 partem
1081 4680 1199 4747 inferio-
1228 4676 1344 4732 antidot.
1364 4693 1387 4729 c.
1408 4684 1432 4729 t.
1449 4675 1529 4731 Rom.
1549 4693 1577 4745 p.
1594 4681 1652 4730 sle.
1670 4675 1742 4731 hane
1758 4678 1921 4732 sententiam
1938 4685 2059 4731 nostram

367 4788 437 4826 rem.
478 4767 701 4838 Respondemus:
729 4772 752 4821 2.
777 4766 814 4820 de
838 4781 913 4836 pecc
936 4764 1023 4818 merit.
1046 4771 1074 4820 et
1095 4766 1198 4820 remiss.
1228 4768 1309 4819 vocat
1331 4764 1491 4831 profanam
1516 4770 1541 4814 et
1559 4762 1718 4815 inauditum
1736 4765 1878 4817 uerborum
1896 4764 2059 4830 nouitatem·

363 4876 392 4913 c.
414 4864 436 4912 ’1.
457 4857 561 4911 ᾱίοετῐο
578 4854 689 4920 scribit,
716 4860 826 4921 eccepto
853 4852 936 4904 etiam
952 4869 1070 4919 corpore
1087 4853 1117 4905 is
1137 4853 1199 4917 ipso
1228 4868 1254 4919 p.
1275 4855 1333 4903 sto.
1364 4848 1518 4900 absurdum
1545 4865 1604 4901 esse
1625 4849 1704 4903 addit
1726 4866 1758 4903 ac
1783 4850 1888 4921 tragice
1912 4865 1972 4904 eam
1997 4864 2060 4903 era·

364 4944 477 5010 animo,
497 4942 546 5011 qui
564 4942 702 4995 esthemo
722 4940 853 5005 interior,
876 4956 932 4990 uon
949 4938 1020 5004 fieri
1042 4940 1198 5006 perfectam
1229 4935 1302 5006 gitat
1354 4933 1433 4989 Vidit
1454 4934 1640 4988 Bellarminus
1669 4953 1701 4990 ex
1725 4934 1785 5005 ipso
1810 4942 1887 4988 textu
1910 4935 2062 4989 sententiae

365 5030 530 5096 nouitatem,
560 5045 594 5081 uc
622 5035 738 5080 ueterem
767 5025 904 5077 torsissem
933 5024 1099 5077 intrinsecus
1129 5025 1199 5085 esui,
1228 5028 1342 5075 nostrae
1359 5025 1523 5092 argumenta
1540 5020 1597 5091 peti
1616 5036 1710 5090 posse,
1738 5020 1799 5074 ideo
1819 5020 1909 5073 addit:
1937 5021 2064 5075 Etiamsi

369 5132 469 5169 nouum
492 5114 659 5168 intrinsecus
686 5112 775 5165 indui.
807 5110 855 5166 lib.
880 5117 903 5165 6.
930 5117 1026 5164 conus
1043 5108 1101 5163 iul.
1126 5125 1149 5165 c.
1170 5117 1198 5163 5:
1228 5126 1390 5176 superemur
1408 5110 1518 5160 momine
1537 5109 1632 5160 curuis
1654 5107 1809 5173 intelligere
1835 5123 1928 5159 omres
1951 5108 2062 5160 animae

368 5203 488 5257 notibus
505 5202 564 5254 suis
580 5200 684 5265 unsina,
711 5216 781 5267 quos
797 5198 879 5251 habet
895 5198 1046 5249 secuudum
1062 5198 1201 5265 spiritum,
1227 5198 1385 5265 poteritine,
1416 5203 1506 5249 tamen
1537 5198 1648 5249 omnino
1676 5195 1825 5247 dicendum
1851 5203 1933 5261 esset,
1963 5212 2062 5248 nomem

368 5291 540 5342 mersatur
558 5286 625 5339 aliis
642 5285 760 5337 motibus
781 5285 849 5346 rurs,
869 5302 938 5354 grass
955 5283 1036 5336 lubet
1052 5285 1201 5336 secuudum
1230 5283 1326 5336 carnis
1349 5283 1379 5335 im
1402 5283 1568 5351 justificatis
1593 5302 1648 5336 nom
1666 5282 1810 5351 pertimere
1834 5282 1876 5333 ud
1895 5282 2063 5336 uoluntatem

369 5392 497 5441 curnem,
526 5380 552 5424 et
571 5389 670 5425 rursus
689 5371 806 5424 motibus
823 5371 897 5433 suis,
923 5387 991 5437 prior
1011 5370 1091 5422 babet
1107 5386 1202 5422 secum·
1229 5369 1433 5433 oruamentum,
1457 5370 1515 5421 nisi
1539 5370 1616 5437 quod
1635 5368 1743 5435 primos
1762 5368 1898 5435 qriosclum
1915 5376 2004 5421 motus
2022 5369 2063 5422 iu·

368 5465 437 5516 dum
457 5476 583 5523 curasan,
607 5460 774 5511 adversatur
799 5457 867 5510 aliis
893 5457 1011 5510 motibus
1035 5456 1107 5522 suis,
1134 5473 1202 5524 quos
1230 5455 1412 5521 deliberator,
1437 5457 1489 5507 sed
1512 5472 1560 5507 mec
1586 5454 1715 5522 superior
1733 5454 1843 5505 animae
1864 5470 1940 5522 pura
1955 5456 2065 5523 percuti

368 5550 451 5602 lubet
468 5547 620 5601 secumdum
638 5546 780 5613 spiritum,
808 5551 833 5595 et
850 5544 918 5596 ideo·
931 5542 1036 5595 dicitur
1054 5559 1121 5593 earo
1138 5558 1201 5594 com·
1228 5543 1346 5611 proprie
1365 5543 1436 5595 dieti
1447 5560 1546 5612 copas,
1566 5538 1756 5610 ut'pruercmit
1767 5556 1816 5592 suo
1830 5547 1905 5593 motu
1919 5540 2062 5608 judicium

370 5636 515 5704 cupiscere
538 5634 674 5684 adcerm
699 5630 844 5698 spiritum,
871 5637 896 5681 et
922 5629 1039 5696 spiritus
1067 5628 1202 5680 aduersus
1230 5630 1350 5682 rationis
1356 5650 1367 5698 ;
1399 5648 1461 5683 euna
1490 5647 1546 5681 nors
1574 5628 1664 5697 possit
1694 5643 1752 5679 esse
1775 5627 1892 5695 justitia
1923 5627 1952 5678 im
1978 5634 2064 5694 purte

369 5738 489 5775 curnem.
528 5718 586 5772 Sed
599 5725 717 5787 propter
736 5716 787 5768 loe
806 5721 831 5766 et
852 5715 887 5767 de
906 5714 969 5782 ipsu
986 5714 1082 5765 anima
1100 5712 1202 5767 dietum
1231 5717 1345 5769 unimus
1363 5715 1501 5778 inferiore
1519 5714 1563 5765 cei
1581 5714 1665 5765 etium
1685 5712 1844 5782 superiore,
1867 5722 1896 5765 ut
1916 5710 2064 5782 praeuenit

367 5814 593 5866 astruerentur
611 5805 710 5858 dedis
730 5804 760 5857 in
779 5802 860 5855 dieu
900 5798 1010 5856 Sufficit
1027 5798 1106 5855 nobis
1122 5802 1204 5872 juxta
1225 5803 1368 5870 judicium
1386 5800 1513 5855 rationis.
1550 5800 1629 5867 Ergo
1647 5815 1696 5852 mec
1716 5808 1864 5869 peccatum
1882 5797 2001 5868 proprie
2020 5797 2064 5851 di·

370 5893 566 5968 Augustinum
587 5897 626 5948 li.
646 5890 682 5945 de
698 5888 773 5944 civit
790 5886 846 5943 Dei
864 5903 888 5943 u
906 5892 931 5942 ²·
948 5891 977 5942 et
1002 5885 1070 5941 alibi
1090 5885 1203 5957 passim,
1236 5897 1310 5943 ceum
1328 5889 1358 5941 iu
1376 5905 1409 5941 ea
1428 5887 1487 5942 erit.
1522 5885 1745 5958 Respondemus:
1772 5902 1826 5958 quo
1844 5903 1910 5958 argo
1928 5884 2062 5957 relegabi-
2246 5855 2262 5894 ξ
