5017 6675
933 689 987 746 nn
1005 686 1192 749 raccams
1208 687 1464 750 smannens.
1644 671 1647 678 ’
1989 703 2050 763 roe

349 845 461 917 dequo
478 843 622 916 spostolus
643 844 836 916 musenim,
859 844 935 915 qnod
958 844 1013 900 sibi
1030 843 1188 912 adhaereat,
1216 859 1234 897 a
1258 843 1329 919 Iagis
1351 847 1450 918 regula
1472 854 1502 903 et
1522 847 1642 919 impellit
1661 848 1698 903 ad
1721 853 1881 920 peccatum,
1904 848 2051 920 quiscum

334 929 474 993 ‚dubitari
500 946 557 986 non
574 936 682 1000 potest,
710 931 778 1002 quin
795 929 834 988 sit
849 930 1089 1003 concupiscentia,
1116 947 1188 1002 quae
1214 931 1387 1002 conceperit,
1408 941 1554 1003 peccatum
1574 934 1656 1006 parit
1690 933 1858 993 turannos
1875 934 1962 1006 igitur
1977 936 2050 992 solu·

349 1035 414 1073 cnm
437 1015 544 1073 volenti
569 1013 662 1073 facere
680 1017 784 1073 bonum
801 1017 951 1075 adhaereat
973 1024 1002 1073 et
1018 1018 1047 1072 in
1063 1016 1189 1088 perlecta
1214 1016 1319 1072 tionem
1337 1018 1507 1077 Bellarmini
1548 1021 1787 1087 Quemadmodum
1811 1021 2050 1094 loxprsecipisns

348 1103 415 1160 boni
432 1102 595 1174 impletione
612 1119 675 1159 eum
691 1103 836 1175 impediat,
852 1104 950 1176 utiquo
965 1110 1113 1176 peccatum
1126 1103 1187 1159 erit
1213 1103 1288 1159 mala
1307 1121 1363 1159 non
1382 1107 1470 1162 solum
1493 1105 1613 1181 ἀνομίας
1634 1125 1732 1177 causa,
1758 1108 1808 1164 ssd
1827 1107 1913 1163 etiam
1927 1108 1990 1179 ipsa
2008 1113 2051 1165 at
2130 1108 2137 1117 ’

348 1189 475 1246 Nervam
491 1189 649 1260 argumenti
666 1189 858 1246 constituimus
874 1189 905 1245 in
920 1188 970 1245 illa
987 1189 1053 1245 boni
1070 1205 1104 1245 ac
1121 1188 1188 1263 mali
1213 1185 1319 1263 ἄνομος
1338 1192 1500 1262 (aequivoco
1523 1193 1595 1250 enim
1618 1200 1727 1249 tautum
1750 1194 1795 1249 lex
1818 1200 1860 1250 est
1879 1200 1908 1249 st
1926 1195 1984 1251 solo
2001 1209 2049 1253 uer

348 1275 532 1346 oppom't'one.
566 1275 751 1332 Bellarminus
767 1293 818 1348 per
837 1277 941 1333 malum
958 1275 1092 1347 adjacens
1108 1274 1187 1331 intel-
1212 1275 1288 1331 mine
1304 1275 1377 1342 talis,
1397 1294 1470 1347 quae
1488 1279 1563 1333 mala
1573 1279 1728 1350 praecipit),
1747 1280 1980 1350 quemadmodum
1992 1278 2050 1335 dia·

348 1362 412 1434 ligit
426 1361 534 1417 malum
550 1378 669 1432 poenae,
694 1362 745 1417 sed
762 1361 899 1433 oppositio
916 1361 1028 1418 boniet
1044 1361 1110 1415 mali
1131 1359 1187 1416 evi·
1213 1361 1295 1416 bolus
1321 1362 1466 1434 impellens
1489 1365 1527 1419 ad
1549 1372 1694 1436 peccatum
1717 1383 1773 1421 non
1798 1366 1887 1421 solum
1906 1372 1949 1423 est
1967 1380 2052 1421 causa

350 1448 449 1504 denter
466 1447 590 1503 ostendit
607 1447 710 1503 malum
726 1446 826 1518 culpae
842 1447 888 1502 hic
898 1446 1109 1519 intelligendum
1120 1462 1187 1502 esse.
1212 1448 1339 1517 peccati,
1367 1450 1416 1505 scd
1442 1451 1526 1506 etism
1553 1452 1672 1521 ipsemet
1693 1456 1842 1523 peccator:
1862 1452 1903 1507 ita
1921 1451 2052 1522 coucupi-

348 1533 528 1590 Vocabulum
546 1534 617 1602 lepis
634 1533 785 1605 accipimus
804 1532 920 1606 delego
937 1532 1046 1604 peccati
1063 1533 1092 1587 in
1105 1549 1187 1587 mem·
1214 1534 1321 1588 scentia
1342 1536 1433 1590 carnis
1460 1537 1623 1592 nouaclum
1642 1544 1684 1594 est
1700 1538 1808 1608 peccati
1825 1538 1941 1595 actualis
1958 1554 2053 1603 causa,

349 1620 407 1675 bris
426 1621 560 1676 haerente
574 1621 657 1691 iusta
674 1619 872 1690 expositionem
890 1637 916 1676 r.
936 1625 979 1675 23.
1214 1619 1362 1675 sedetiam
1381 1621 1442 1693 ipsa
1461 1630 1503 1678 est
1521 1631 1676 1693 peccatum.
1702 1623 1806 1693 Verba,
1826 1642 1897 1697 quas
1908 1623 2051 1681 Bellarmi-

384 1712 427 1762 48.
462 1707 579 1777 Argum.
599 1704 650 1760 v1.
685 1704 824 1779 Quicquid
847 1712 987 1776 repugnat
1010 1704 1067 1775 legi
1090 1701 1188 1756 mentis
1214 1723 1267 1758 nus
1287 1707 1398 1776 attexit,
1423 1710 1558 1779 quiequid
1581 1709 1680 1764 irrcitat
1702 1712 1744 1765 ad
1760 1710 1833 1780 lepis
1854 1706 2051 1780 traasqrasioss

349 1796 411 1864 (per
428 1792 564 1862 Spiritum
581 1794 771 1864 regeneratae)
793 1796 823 1847 et
848 1791 972 1861 captivat
996 1790 1136 1845 hominem
1160 1788 1189 1842 in
1214 1807 1291 1858 nem,
1312 1792 1447 1848 insidiosa
1464 1803 1543 1860 sunt,
1567 1795 1762 1866 intelliguntur
1781 1795 1854 1851 enim
1878 1796 1989 1866 objecta
2006 1811 2051 1851 ex·

349 1879 413 1950 lege
430 1879 549 1950 peccati,
567 1878 637 1933 illud
654 1878 751 1951 utique
769 1884 920 1951 peccatum
933 1886 984 1933 est
1015 1878 1055 1932 At
1072 1874 1135 1930 talis
1147 1881 1190 1928 est
1214 1881 1308 1947 terna,
1333 1895 1406 1950 quae
1428 1897 1491 1935 cum
1508 1897 1559 1936 aaa
1577 1888 1677 1938 namra
1695 1898 1729 1936 ac
1747 1899 1797 1952 per
1813 1899 1843 1938 se
1863 1899 1918 1942 nco
1935 1881 2052 1935 incitent

349 1963 578 2036 concupiscente
602 1964 682 2020 Rom
700 1971 715 2020 7
722 2005 731 2033 ,
748 1982 774 2022 v.
793 1970 835 2021 2&
870 1965 947 2036 Ergo
967 1970 1010 2019 est
1033 1966 1188 2034 peccatum.
1215 1963 1251 2017 ad
1276 1971 1435 2034 peccatum,
1464 1967 1515 2021 sed
1541 1972 1647 2022 tanturn
1674 1985 1707 2022 ex
1734 1968 1885 2033 accidenti,
1915 1974 2051 2038 quatenus

350 2049 538 2106 Bellarminus
555 2050 672 2121 excipit,
692 2070 748 2106 non
765 2069 852 2121 omne,
872 2055 949 2122 qaod
968 2052 1025 2119 ispi
1040 2055 1188 2118 repapnat,
1215 2065 1303 2117 prava
1325 2051 1550 2122 concupiscentia
1568 2054 1598 2108 in
1618 2053 1729 2109 homine
1756 2053 1918 2109 delitescens
1936 2053 1975 2108 eis
1991 2051 2051 2111 irri-

349 2155 410 2192 esss
425 2144 589 2207 peccatam,
616 2141 693 2208 qaod
713 2147 792 2192 wira
811 2138 1029 2193 controversiam
1048 2151 1105 2190 esse
1118 2151 1188 2203 pro-
1214 2138 1299 2203 tatur,
1318 2143 1469 2193 nouerant
1485 2137 1540 2193 huc
1556 2139 1711 2196 referenda

349 2224 472 2278 nuntiat.
498 2221 665 2292 At,obone,
676 2223 729 2279 hoc
740 2241 796 2279 non
805 2224 895 2279 solum
909 2231 1122 2283 controversum,
1139 2218 1188 2273 sed
1250 2226 1292 2274 «19.
1323 2221 1440 2294 Argum.
1459 2223 1525 2280 VII.
1554 2225 1693 2296 Quicquid
1711 2225 1835 2281 homines
1851 2224 1880 2278 in
1899 2223 1957 2278 vita
1974 2222 2052 2294 spiri.

349 2309 434 2363 etiam
452 2307 598 2363 nmiteste
616 2307 716 2363 falsum
734 2316 785 2378 est,
802 2309 941 2380 siquidem
957 2307 1105 2364 definiente
1122 2321 1188 2375 spo-
1214 2306 1286 2362 tuali
1304 2324 1397 2363 coram
1414 2309 1477 2366 Deo
1498 2308 1611 2365 miseros
1628 2312 1733 2376 reddit,
1762 2320 1791 2366 et
1811 2328 1828 2364 a
1848 2328 1903 2383 quo
1927 2327 1982 2365 non
1999 2309 2054 2364 nisi

258 2405 337 2485 Ἢ..
349 2393 422 2448 stolo
441 2392 456 2456 ri
475 2393 598 2467 ἁμαρτία
615 2393 689 2447 ἔστιν
705 2395 721 2462 ἡ
740 2393 853 2470 ἀνομία.
876 2401 896 2450 l.
912 2393 973 2450 Joh.
986 2400 1010 2457 3,
1028 2409 1055 2448 v.
1069 2398 1093 2447 4.
1112 2389 1188 2461 quic·
1216 2410 1266 2462 per
1285 2392 1425 2450 Christum
1449 2396 1616 2467 liberantur,
1644 2397 1714 2452 illud
1737 2397 1846 2467 peccati
1868 2396 1928 2451 loeo
1951 2395 2054 2451 habeu-

257 2504 305 2546 μοι
350 2479 419 2552 quid
437 2497 506 2552 ergo
523 2485 566 2535 est
584 2479 697 2554 ἀνομία,
715 2481 785 2536 illud
798 2482 881 2537 ctiam
893 2486 935 2535 est
950 2487 1094 2549 peecatum
1107 2479 1189 2548 juxta
1216 2481 1291 2533 dum.
1326 2479 1366 2534 At
1391 2482 1631 2552 concupiscentiae
1656 2483 1788 2554 competit
1813 2482 1892 2538 illud.
1928 2482 2003 2552 Ergo
2026 2485 2055 2537 et

257 2551 324 2641 ,¹32st
349 2567 575 2638 vulgatissimum
602 2585 748 2638 canonem,
782 2567 828 2622 cui
856 2555 980 2621 definitio
999 2563 1140 2634 competit,
1163 2562 1189 2616 ei
1215 2565 1276 2620 hoc.
1295 2565 1375 2623 Rom.
1396 2574 1424 2628 ί,
1443 2586 1468 2620 v.
1487 2575 1534 2624 rt:
1555 2571 1647 2623 ritissr
1665 2586 1716 2638 epo
1733 2570 1828 2637 torno,
1846 2567 1909 2637 qais
1925 2584 1968 2619 me
1988 2568 2054 2621 libs·

257 2664 277 2692 ι
351 2653 437 2708 etiam
456 2652 601 2708 definitum
620 2653 672 2707 erit
688 2653 874 2716 tribuendum,
896 2655 995 2712 τέλειος
1009 2651 1063 2723 γὰρ
1075 2646 1189 2721 ὁρισμός
1214 2654 1293 2706 radit
1310 2654 1344 2707 dc
1367 2671 1484 2724 corpore
1505 2656 1603 2708 mortis
1621 2656 1727 2726 injus!
1749 2673 1775 2711 v.
1793 2660 1840 2708 25:
1872 2652 1977 2706 Gratia
1994 2653 2056 2707 Dei

350 2742 426 2794 ἐστιν
444 2738 459 2793 ὁ
479 2737 671 2811 insauciatos
684 2740 753 2809 πρὸς
767 2739 798 2792 τὸ
817 2736 936 2809 iocaris,
954 2737 1071 2792 docente
1088 2734 1189 2789 Dama·
1212 2756 1267 2809 per
1292 2739 1390 2792 Jesurn
1418 2740 1555 2794 Christum
1584 2743 1738 2795 Dominam
1765 2748 1899 2795 nostram.
1943 2738 2055 2809 Excipit

350 2842 425 2880 scen.
447 2843 470 2880 e.
489 2830 513 2880 8.
532 2824 642 2880 dialect.
676 2824 757 2879 Vidit
773 2841 839 2895 ergo
856 2823 1050 2890 Bellarminus,
1068 2821 1119 2876 hoc
1134 2838 1189 2874 non
1216 2825 1419 2890 Bellarminus,
1448 2827 1651 2897 ineptissimam
1678 2843 1737 2880 csse
1771 2827 1823 2880 boc
1851 2832 2053 2893 argumentum,

351 2928 412 2967 esse
431 2919 510 2966 extra
527 2909 748 2977 controversiam,
767 2910 830 2964 ideo
848 2910 931 2964 ctiam
948 2909 1046 2962 nititur
1062 2907 1188 2976 probare.
1216 2930 1278 2964 carn
1304 2913 1451 2980 apostolus
1476 2913 1607 2982 loquatur
1627 2916 1663 2967 de
1681 2914 1794 2966 miseria
1807 2928 1918 2981 poenae
1940 2917 1967 2964 et
1985 2911 2053 2963 libe·

351 3003 373 3052 1.
392 2999 534 3051 Peccator
556 3004 694 3076 repugnat
717 2996 775 3064 legi
794 3004 820 3049 et
838 3005 928 3049 ίααοοα
953 2995 1033 3048 lonso
1053 2998 1190 3062 peccator
1215 2999 1353 3052 rationem
1372 3016 1390 3051 a
1411 3016 1529 3068 corpore
1546 2999 1662 3053 mortali
1675 3007 1793 3070 expetat.
1828 2996 2052 3068 Respondemus:

267 3093 337 3136 sss.
350 3103 405 3138 aaa
421 3084 753 3153 estpropriepeocatam.
774 3083 999 3153 Respondemus:
1015 3080 1189 3134 miseravero
1215 3090 1343 3139 notanter
1370 3084 1483 3138 additur
1509 3084 1538 3138 in
1564 3087 1668 3156 majore
1692 3085 1829 3156 positione
1855 3082 1942 3138 nostri
1968 3098 2050 3154 argu·

349 3169 549 3241 sophisticatic.
577 3169 715 3224 Peccator
724 3178 864 3240 repugnat
880 3168 944 3239 legi,
962 3184 1018 3221 non
1030 3182 1087 3237 qua
1097 3164 1188 3233 homo,
1215 3170 1308 3234 menti,
1327 3170 1397 3246 illud
1418 3170 1527 3226 demum
1547 3187 1607 3226 esse
1624 3170 1727 3225 malum
1745 3171 1853 3241 culpae,
1874 3168 1949 3241 quod
1966 3165 2052 3221 homi·

348 3257 397 3312 sed
421 3273 479 3327 qua
503 3263 642 3327 peccator.
679 3255 817 3326 Quicquid
843 3272 909 3325 ergo
932 3254 962 3307 in
979 3253 1089 3308 homine
1107 3269 1186 3323 repu·
1213 3272 1277 3310 nem
1298 3256 1329 3311 in
1348 3257 1405 3312 vita
1422 3257 1560 3327 spirituali
1578 3265 1607 3313 et
1623 3273 1715 3312 coram
1727 3256 1789 3311 Deo
1804 3256 1934 3310 miserum
1950 3252 2052 3316 reddit,

349 3349 419 3417 gnat
438 3343 510 3416 legi,
534 3344 585 3398 hoc
605 3350 660 3407 est,
684 3342 818 3414 quicquid
836 3341 941 3398 recedit
958 3357 976 3394 a
992 3340 1090 3412 regula
1108 3340 1187 3412 legis,
1213 3349 1242 3397 et
1261 3362 1278 3398 a
1296 3360 1351 3418 quo
1373 3360 1429 3399 non
1451 3345 1504 3399 nisi
1521 3343 1576 3399 Dei
1596 3344 1689 3416 gratia
1704 3360 1755 3414 per
1772 3342 1913 3412 Christum
1932 3340 2051 3395 liberan-

350 3451 412 3487 eum
430 3448 489 3503 qua
506 3429 620 3486 deberet
635 3446 800 3501 congruere,
820 3428 890 3483 iilud
907 3434 950 3483 est
967 3431 1126 3499 peccatum,
1146 3426 1186 3481 in·
1212 3436 1275 3497 tur3
1313 3430 1381 3484 haec
1403 3429 1496 3485 omnia
1519 3431 1593 3485 malo
1617 3447 1723 3500 poenae
1746 3446 1803 3484 non
1820 3431 1937 3499 possunt
1954 3425 2049 3494 tribui,

348 3518 445 3590 tellige
460 3516 620 3580 formaliter,
636 3516 692 3570 alia
706 3515 860 3571 animratio
873 3520 922 3582 cst,
940 3513 1051 3568 siillam
1064 3511 1186 3586 ἀνομίαν
1212 3524 1244 3571 ut
1270 3522 1356 3589 patet
1400 3516 1435 3570 ln
1466 3516 1691 3572 tribulationibus
1709 3515 1882 3588 gloriabatur
1899 3511 2048 3583 apostolus,

348 3622 441 3659 sumas
467 3602 664 3671 materialiter,
693 3610 724 3656 ut
752 3607 916 3656 connotatur
940 3601 1113 3671 subjectum,
1140 3599 1186 3653 cui
1211 3603 1291 3657 Rom
1313 3609 1342 3671 5,
1360 3620 1384 3655 v.
1402 3608 1432 3667 3,
1451 3602 1631 3674 sedpropter
1649 3600 1900 3673 concupiscentiam
1918 3599 2049 3654 incarne

348 3691 454 3763 ἀνομία
474 3693 504 3743 et
523 3696 669 3761 peccatum
690 3687 823 3742 inhaeret.
859 3686 943 3743 Novit
966 3686 1019 3741 hoc
1042 3685 1185 3741 Bellarmi·
1211 3688 1370 3743 haerentem
1387 3696 1445 3743 tam
1465 3687 1659 3744 miserabiliter
1676 3688 1805 3758 ejulatur,
1826 3690 1997 3755 raisrnapts
2016 3691 2049 3737 at

347 3794 400 3831 nus
421 3784 479 3831 tam
496 3781 609 3842 exacte,
629 3791 713 3844 quam
732 3790 797 3828 suos
815 3773 932 3845 digitos,
959 3789 1023 3827 cum
1040 3772 1088 3827 lib.
1110 3779 1132 3828 l.
1151 3771 1186 3826 de
1206 3775 1363 3843 plurimam
1383 3774 1500 3829 sumitur
1518 3774 1552 3829 de
1570 3774 1681 3828 miseria
1698 3773 1807 3844 culpae.
1829 3773 1909 3828 Rom.
1922 3779 1946 3837 3,
1963 3788 1987 3825 v.
2003 3776 2047 3828 it:

347 3862 441 3919 amisa.
466 3859 573 3933 gratiae
591 3864 620 3915 et
636 3866 700 3915 stat.
718 3859 827 3929 peccati
852 3858 943 3929 capite
964 3864 987 3912 ί.
1005 3859 1065 3929 ipse
1084 3859 1185 3911 distin·
1211 3866 1383 3931 ταλαιπωρία
1402 3863 1432 3913 ἐν
1446 3867 1505 3921 ταῖς
1523 3860 1601 3921 ὁδοῖς
1618 3858 1717 3915 αὐτῶν.
1736 3860 1824 3930 Apoc.
1843 3864 1866 3926 3,
1884 3877 1911 3915 v.
1932 3864 1978 3914 li:
1997 3853 2048 3911 οὐκ

346 3957 416 4019 μοναί
436 3949 510 4002 inter
531 3946 678 4000 meriste
695 3945 828 4015 pcccati,
855 3944 942 4017 (quod
959 3949 1041 3999 vocat
1059 3944 1185 3999 substan-
1211 3949 1305 4010 olrico,
1332 3944 1375 4000 ὅτι
1401 3947 1436 4000 σὺ
1462 3945 1487 4001 εἶ
1512 3944 1526 4000 ὁ
1550 3950 1725 4019 ταλαίπωρος
1750 3952 1795 3998 καὶ
1821 3944 1834 3997 ὁ
1862 3945 1977 4005 ἐλεεινὸς
2001 3946 2048 3998 καὶ

345 4036 430 4099 tiam,
454 4051 511 4088 non
533 4032 599 4087 sats
625 4030 780 4097 commode)
799 4038 826 4083 et
846 4031 918 4083 inter
928 4031 1059 4097 sormam
1075 4030 1188 4100 peccati
1214 4032 1320 4104 ηοιοχὸς
1337 4037 1381 4086 καὶ
1402 4033 1507 4104 water
1523 4037 1568 4085 sat
1587 4031 1701 4103 γυμνός,
1721 4048 1793 4102 quae
1810 4031 1902 4085 omnia
1918 4030 1953 4084 de
1970 4030 2049 4101 spiri-

346 4120 437 4193 (quod
447 4125 529 4174 vocat
544 4117 684 4188 propriam
703 4119 763 4188 ejus
774 4117 932 4184 rationem),
950 4117 1107 4170 eistetentis
1120 4133 1185 4185 pec·
1212 4120 1282 4174 tuali
1314 4119 1457 4183 nuditate,
1490 4118 1624 4175 mesitatc
1657 4125 1685 4173 et
1710 4118 1822 4173 miserit
1848 4116 2049 4188 intelliguntur.

345 4209 415 4271 cati,
433 4206 483 4276 rit,
502 4214 542 4259 est
559 4205 633 4258 detio
651 4205 751 4275 aliqua
768 4204 943 4272 colomario,
962 4204 1007 4257 rel
1025 4203 1186 4257 voluntaria
1211 4207 1299 4261 Recte
1318 4205 1387 4260 dicit
1402 4204 1604 4273 Bellarminus,
1628 4207 1784 4273 apostolam
1803 4212 1928 4274 crpotere
1947 4202 2049 4256 libera·

344 4292 470 4348 actionis
493 4292 616 4347 amneio.
651 4291 739 4345 Ratio
756 4291 870 4359 pcccati
886 4298 925 4344 est
949 4290 1014 4359 :psa
1032 4289 1186 4345 declinatio
1212 4293 1313 4345 tionem
1339 4309 1357 4343 a
1383 4308 1501 4360 corpore
1527 4291 1645 4345 mortali
1667 4299 1692 4344 ct
1714 4290 1896 4358 passionibus
1922 4288 2048 4349 obsonio,

345 4388 374 4432 et
399 4378 522 4432 recessio
545 4396 563 4430 a
588 4377 688 4444 recula
711 4377 740 4428 in
764 4376 819 4429 illa
836 4375 945 4428 actione
964 4376 1009 4429 oei
1026 4376 1087 4445 αμα
1105 4376 1186 4428 omis·
1212 4377 1262 4431 sed
1278 4376 1409 4431 addenda
1426 4376 1510 4431 etam
1528 4381 1588 4431 erat
1605 4391 1703 4444 causa,
1730 4389 1816 4444 quare
1831 4390 1891 4429 eam
1910 4372 2049 4427 liberatio·

342 4467 434 4521 morse.
477 4461 556 4518 Haec
579 4462 619 4517 ibi
637 4461 837 4528 Bellarminus,
862 4461 907 4516 cui
933 4469 1026 4516 tamen
1051 4461 1103 4516 hoc
1127 4461 1186 4516 Ioco
1213 4478 1276 4515 uem
1301 4462 1443 4532 apostolus
1468 4463 1597 4532 expetat?
1624 4460 1753 4515 nimirum
1777 4460 1842 4531 quia
1864 4478 1965 4530 corpas
1978 4476 2048 4529 pro·

342 4549 513 4607 confusione
539 4548 690 4603 materialis
716 4555 743 4602 et
765 4547 887 4601 formalis
905 4547 1079 4618 sophisticari
1096 4547 1186 4603 libuit.
1209 4557 1275 4617 pter
1301 4549 1463 4603 inhabitans
1484 4557 1632 4618 peccatum
1663 4555 1703 4601 est
1731 4556 1884 4612 mortuam,
1918 4546 1997 4602 Rom.
2024 4550 2048 4616 8,

343 4642 376 4696 2.
394 4638 453 4691 Les
476 4636 583 4704 ἀκμαία
606 4643 746 4705 repugnat
772 4634 831 4701 lapi
846 4634 959 4702 justae,
988 4642 1013 4686 ct
1036 4635 1081 4687 lea
1103 4634 1186 4686 arcias
1212 4652 1237 4688 v.
1255 4641 1295 4699 10,
1308 4634 1361 4689 hoc
1379 4641 1427 4689 est.
1443 4634 1522 4692 morti
1540 4635 1704 4704 subjectum,
1724 4652 1774 4689 nec
1789 4634 1878 4688 solum
1895 4632 2048 4703 temporali,

337 4721 489 4794 principis
512 4721 570 4789 lapi
592 4721 712 4773 alterins
734 4718 877 4772 contraria
894 4726 946 4782 est,
972 4728 1072 4772 racana
1094 4728 1187 4773 tamen
1213 4722 1262 4776 scd
1282 4722 1366 4776 etiam
1383 4726 1513 4776 aeternae
1532 4721 1611 4778 nrorti
1630 4721 1780 4775 obnoxium
1801 4728 1880 4787 osset,
1898 4719 1951 4772 nisi
1969 4718 2059 4774 ficret·

337 4810 623 4883 propricpeccatarn.
641 4803 864 4876 Respondemus:
879 4804 1187 4875 lexinjustaopponitur
1212 4807 1336 4862 remissio
1358 4808 1466 4878 peccati
1489 4816 1602 4876 propter
1624 4805 1776 4873 Christum,
1800 4807 1938 4875 adquam
1957 4820 2047 4874 respe-

341 4896 406 4968 Iegi
426 4896 521 4966 justae
545 4891 773 4960 contradictorie,
800 4898 945 4961 peccatum
962 4892 1113 4963 opponitur
1129 4892 1186 4963 legi
1212 4893 1285 4947 risse
1309 4893 1464 4963 apostolum
1488 4910 1605 4963 sequens
1628 4893 1778 4948 versiculus
1803 4893 1897 4945 docet:
1927 4889 2048 4945 Gratias

341 4979 493 5054 privative,
510 4978 577 5034 haec
596 4994 651 5031 nou
671 4983 749 5032 erant
767 4976 970 5032 confundenda.
1005 4976 1097 5048 Leges
1113 4979 1186 5049 posi·
1212 4996 1267 5048 ayo
1292 4981 1358 5032 Deo
1381 4996 1437 5048 per
1462 4979 1561 5031 Jesnm
1582 4979 1736 5047 Christum,
1758 4983 1791 5032 et
1815 4976 1893 5031 Rom.
1914 4983 1942 5040 8,
1970 4995 1994 5030 v.
2024 4984 2046 5034 1.

341 5068 421 5124 tivas
435 5064 508 5135 quod
524 5063 632 5132 attinet,
651 5080 745 5117 earum
758 5064 815 5118 alia
831 5069 873 5119 est
889 5063 960 5117 ratio
978 5080 1061 5133 quam
1076 5064 1186 5121 divinae
1211 5082 1323 5119 causam
1347 5064 1473 5134 subjicit,
1499 5081 1584 5134 quare
1603 5071 1750 5134 peccatum
1769 5064 1797 5117 in
1815 5081 1897 5118 carue
1918 5062 2048 5117 habitans
2089 5094 2093 5101 ·

341 5152 437 5225 legis;
465 5150 530 5204 illae
557 5149 630 5204 enim
658 5150 764 5204 ratione
791 5150 1061 5204 circumstantiarum
1086 5151 1186 5206 variari
1211 5169 1267 5220 nou
1286 5151 1386 5207 reddat
1405 5150 1464 5219 pios
1491 5149 1573 5203 morti
1599 5157 1728 5204 aeternae
1746 5149 1893 5217 obnoxios,
1918 5148 2047 5204 n'nnirum

340 5242 473 5313 pomum,
491 5236 562 5298 baec
579 5254 644 5291 vero
664 5243 705 5290 est
721 5243 835 5290 aeterna
848 5244 875 5290 et
886 5236 1064 5291 immutabilis
1077 5239 1184 5309 regula.
1196 5257 1199 5296 t
1211 5237 1277 5308 quia
1295 5254 1344 5306 per
1363 5236 1444 5290 fidem
1463 5244 1527 5290 sunt
1543 5235 1571 5289 in
1584 5235 1692 5290 Christo
1708 5242 1736 5289 et
1753 5253 1802 5304 per
1816 5235 1948 5305 Spiritum
1961 5237 2046 5291 actic-

340 5324 401 5382 His
427 5323 645 5396 praesuppositis
672 5323 821 5394 respondet
837 5322 1022 5378 Bellarminus
1043 5323 1078 5377 ad
1102 5303 1259 5419 argu-ines
1278 5322 1367 5377 carnis
1385 5322 1558 5378 mortificant.
1594 5323 1686 5381 Nulla
1706 5323 1849 5376 ἀαοοααίίο
1868 5331 1909 5377 est
1925 5323 1978 5392 lis,
1998 5321 2048 5393 qai
2060 5329 2086 5370 v.
2099 5328 2132 5371 ct.

342 5417 480 5468 mentum.
507 5410 748 5479 Concupiscentia
758 5417 895 5479 repugnat
905 5410 971 5479 lapi,
991 5427 1047 5463 non
1064 5418 1094 5462 at
1110 5413 1183 5464 actio
1209 5418 1274 5463 sant
1298 5410 1327 5461 in
1346 5407 1470 5475 Christo,
1496 5408 1545 5477 qai
1563 5426 1619 5462 nors
1642 5410 1794 5462 secandam
1820 5427 1931 5462 caraem
1951 5409 2045 5462 ambis·

341 5498 484 5552 recedens
506 5514 525 5549 a
549 5496 662 5567 regula,
689 5513 750 5547 cam
770 5503 867 5564 posset
887 5502 914 5548 et
936 5497 1049 5549 deberet
1069 5472 1278 5570 reqrrlaeilant,
1298 5497 1518 5549 sedecennalem
1536 5495 1683 5563 Spiritum.

342 5600 511 5653 conpr-new,
529 5583 581 5635 sed
598 5591 745 5652 repugnat,
764 5590 792 5634 at
810 5583 856 5635 lca
875 5584 1020 5636 contraria
1038 5584 1185 5651 impellens
1246 5590 1287 5637 50.
1321 5582 1437 5652 Argum.
1457 5580 1536 5636 VIII.
1579 5580 1633 5645 Qui
1656 5581 1758 5635 bouum
1776 5577 1857 5650 facit,
1878 5599 1933 5636 non
1952 5588 2044 5636 autem

342 5672 391 5726 ad
409 5669 527 5731 malam,
553 5668 691 5737 qaonsodo
712 5668 796 5721 ctiam
820 5668 878 5735 lapi
894 5677 1032 5739 reprsqnat
1053 5670 1185 5723 diabolas
1209 5667 1326 5738 perficit,
1343 5668 1467 5722 nondum
1483 5667 1607 5738 perfecte
1624 5667 1721 5737 implet
1735 5668 1833 5739 legem.
1874 5667 1961 5737 Atqui
1978 5684 2044 5737 apo·

342 5766 374 5813 et
398 5755 533 5827 ρνίοραάί
559 5753 658 5806 incitat
683 5756 723 5807 ad
750 5755 820 5824 lepis
839 5754 1095 5823 transgressionem.
1131 5754 1184 5810 Re·
1210 5754 1298 5808 stolus
1320 5753 1354 5807 de
1379 5772 1409 5809 se
1428 5761 1455 5809 et
1474 5752 1602 5808 omnibus
1625 5754 1727 5808 renatis
1746 5760 1877 5816 testatur,
1904 5752 1978 5823 quod
1997 5752 2045 5807 bo·

341 5841 532 5915 spondemus:
550 5838 730 5894 subordinate
747 5856 803 5894 non
822 5846 887 5895 suut
899 5840 953 5895 sibi
967 5839 1086 5895 invicem
1099 5856 1184 5911 oppo·
1210 5857 1277 5895 num
1294 5840 1407 5912 quidem
1423 5839 1535 5909 faciant,
1553 5847 1719 5895 nouantem
1736 5839 1888 5911 perficiant.
1923 5837 2002 5893 Rom.
2021 5845 2046 5907 ί,

341 5927 454 5999 nenda3
473 5924 697 5999 concupiscentia
715 5932 745 5981 et
761 5932 907 6000 peccatum
926 5932 977 5998 est,
995 5926 1061 5998 quia
1079 5926 1184 5983 recedit
1210 5945 1237 5987 v.
1259 5931 1304 5984 18:
1330 5927 1401 5982 aelle
1425 5927 1495 5981 miti
1518 5927 1646 5998 offocet,
1666 5928 1807 5998 perficere
1831 5932 1924 5982 anum
1944 5926 2045 5982 honam
