5017 6675
456 619 518 680 263
1115 604 1239 664 noces
1263 605 1488 665 annuemus

455 766 585 826 Peresius
603 781 702 821 comm.
720 765 749 819 in
767 772 791 823 9.
809 764 887 818 Rom.
900 781 928 819 n.
943 767 990 817 33:
1008 761 1151 814 Doctrina
1165 759 1291 813 Tleodo·
1319 760 1412 831 quoad
1428 759 1468 815 rei
1493 777 1640 829 summam,
1659 759 1745 817 habet
1756 778 1807 816 nos
1822 759 2073 819 sibiBellarminus
2084 761 2156 835 ὁμο·

454 856 517 924 reti,
538 852 700 908 Oecumenii
723 860 749 905 et
767 850 934 918 Hieronymi
952 849 1099 903 coruraria
1117 848 1228 900 uidetur
1246 845 1293 912 iis,
1320 843 1433 918 ψήφους
1443 848 1579 918 (quamvis
1596 847 1625 901 in
1644 846 1704 917 ipsa
1717 846 1833 918 ἐργασίᾳ
1846 849 1992 902 occurrant
2005 851 2155 922 quaedam,

455 958 526 1013 quae
550 941 581 993 in
598 940 650 992 boc
669 939 731 993 loco
748 937 872 1006 disputat
890 935 1052 1007 apostolum
1077 933 1214 988 sententia
1232 933 1292 986 Au·
1320 949 1392 1004 quae
1409 933 1627 1007 haudquaquam
1644 949 1661 987 a
1677 932 1757 989 nobis
1776 932 1985 1005 approbantur),
2003 927 2052 990 sed
2065 937 2153 992 disce-

454 1026 563 1100 pnstini
598 1033 639 1080 est
664 1023 810 1077 doctrinae
836 1022 927 1077 Pauli
954 1021 1169 1080 convenientior.
1218 1020 1293 1072 Inde
1320 1019 1361 1075 dit
1377 1019 1585 1076 aScholasticis
1606 1027 1633 1076 et
1652 1020 1713 1077 aliis
1726 1019 2087 1093 scriptoribusPontificiis,
2106 1022 2154 1095 qui

454 1113 631 1183 Anqustinus
669 1128 735 1164 suas
776 1110 866 1180 ipsius
903 1110 1053 1164 sententias
1090 1105 1293 1163 incommodius
1319 1106 1492 1187 manifestius
1524 1107 1552 1161 in
1579 1106 1655 1162 hisce
1685 1106 1894 1179 quaestionibus
1921 1111 2156 1182 nstayrantioum,

457 1202 550 1255 diotae
576 1197 741 1253 retractavit
766 1203 792 1249 et
815 1197 928 1250 inillis
952 1197 1076 1250 aliorum
1099 1195 1176 1249 diota
1200 1193 1293 1246 minus
1320 1193 1429 1248 interim
1453 1200 1547 1248 tamen
1573 1193 1608 1272 de
1633 1192 1757 1249 efficacia
1780 1192 1888 1265 gratim
1915 1193 1975 1264 ipse
2001 1193 2094 1251 adhuc
2114 1202 2155 1252 te·

459 1295 533 1341 recte
545 1286 665 1356 prolata
683 1284 767 1336 tacite
785 1283 900 1336 notavit.
924 1282 973 1337 lib.
995 1289 1017 1338 1.
1035 1288 1143 1338 retract.
1163 1297 1187 1335 e.
1208 1286 1237 1336 9:
1256 1279 1293 1332 ln
1319 1279 1400 1333 nnius
1421 1279 1505 1335 sentit
1521 1286 1549 1334 et
1567 1279 1702 1353 loquitur,
1724 1296 1808 1351 quem
1826 1296 1878 1350 par
1899 1285 1972 1350 erat,
1997 1287 2028 1335 ut
2047 1280 2157 1351 patebit

457 1374 599 1427 voluntate
625 1378 724 1425 nostra
751 1370 926 1424 constitutum
954 1377 1008 1436 est,
1034 1376 1064 1421 ut
1088 1369 1133 1421 vel
1156 1370 1294 1433 fruamur
1320 1383 1353 1420 cx
1382 1365 1570 1437 sequentibus.
1617 1366 1703 1421 Porro
1735 1371 1767 1419 ut
1792 1365 1951 1437 propositae
1978 1367 2156 1437 quaestiones

454 1459 500 1513 ael
515 1474 660 1512 careamus
677 1473 743 1510 cero
761 1457 839 1509 bono.
878 1454 1010 1524 Quaeras
1027 1461 1101 1507 recte
1118 1452 1177 1506 uult
1193 1452 1293 1519 uiuere,
1319 1451 1422 1506 rectius
1446 1452 1652 1524 intelligentur,
1680 1450 1871 1506 observandae
1896 1457 1963 1506 sunt
1986 1451 2039 1508 hae
2058 1452 2155 1508 distin-

454 1551 563 1599 tantam
590 1560 650 1596 rem
679 1550 758 1596 tanta
787 1541 931 1607 facilitate
956 1547 1136 1610 assequetur,
1164 1546 1195 1592 ut
1220 1537 1293 1591 nibil
1319 1538 1431 1592 ctiones.
1473 1544 1495 1595 1.
1517 1539 1660 1605 Quaedam
1685 1539 1780 1609 capita
1801 1538 1867 1592 fidei
1890 1537 2065 1595 Christianae
2090 1543 2157 1595 sunt

454 1630 537 1684 aliud
569 1646 654 1697 qaam
680 1627 773 1696 ipsum
804 1627 875 1681 uelle
899 1627 936 1679 sit
961 1626 1064 1680 babere
1091 1626 1170 1696 quod
1195 1602 1521 1719 voluit.iquodamm0d0
1561 1631 1662 1680 natura
1699 1632 1781 1691 uota,
1827 1629 1924 1694 utpote
1958 1624 2051 1679 Deum
2086 1643 2155 1692 esse,

454 1717 633 1785 Respondet.-
651 1714 770 1783 Epimus
789 1722 889 1767 contra
906 1714 1107 1767 Maenicbaeos
1123 1711 1436 1794 uoluntatem‘peundem
1469 1728 1528 1766 esse
1557 1728 1657 1775 unum,
1693 1710 1830 1765 vindicem
1863 1710 2011 1775 scelerum,
2037 1717 2090 1767 ete.
2125 1711 2156 1766 in

455 1817 529 1870 esse,
549 1818 605 1871 qua
623 1809 649 1853 et
663 1807 799 1870 peccatur
816 1806 842 1852 et
859 1807 933 1852 recte
949 1800 1067 1868 visitur,
1085 1792 1211 1851 sed‘nisi
1227 1813 1291 1864 pra·
1305 1796 1490 1866 'theoreticis3
1517 1804 1630 1852 externa
1658 1797 1760 1852 delicte
1790 1813 1850 1853 esse
1873 1797 2010 1866 cavenda,
2040 1797 2153 1853 civilem

454 1886 496 1941 tio
529 1886 663 1940 liberetur
694 1904 713 1939 a
742 1885 884 1952 senuna,
916 1892 988 1938 recte
1018 1883 1076 1937 aivi
1105 1901 1161 1936 non
1191 1867 1306 1952 potest*
1314 1883 1453 1955 justitiam
1470 1884 1666 1954 praestandam
1685 1900 1758 1952 esse,
1776 1889 1828 1938 etc,
1848 1883 1877 1936 in
1896 1883 2041 1953 practicis;
2067 1901 2153 1956 quae-

458 1979 480 2030 1.
506 1979 617 2027 retract
643 1988 666 2026 c.
692 1977 738 2027 15:
767 1972 940 2040 Spiritunlia
967 1971 1102 2040 dilipere,
1130 1976 1155 2023 et
1174 1961 1384 2037 justitio'dam
1402 1986 1466 2024 vero
1483 1976 1549 2024 suut
1568 1971 1701 2040 mysteria
1720 1968 2154 2040 divinitusinverbopatefacta,

449 2058 583 2128 jubemur
610 2066 637 2112 et
663 2065 768 2111 natura
785 2051 945 2126 possumus.
988 2057 1166 2124 Respondet:
1195 2034 1414 2126 qratia¹utpote
1438 2061 1494 2111 tres
1519 2073 1580 2112 esse
1603 2055 1736 2110 trinitatis
1756 2074 1900 2127 personas,
1924 2055 2066 2111 Christum
2092 2073 2155 2114 esse
2166 2070 2191 2115 v.

454 2144 507 2197 troo
525 2143 598 2213 opit,
616 2151 647 2197 ut
664 2151 768 2196 natura
785 2151 887 2195 sanata
902 2141 1004 2210 possit,
1023 2142 1100 2210 quod
1117 2140 1219 2193 uitiata
1237 2157 1291 2191 uon
1318 2143 1372 2196 Dei
1390 2143 1505 2212 Filium,
1531 2144 1649 2214 gratiam
1666 2144 1721 2198 Dei
1747 2150 1776 2199 et
1789 2144 1927 2214 justitiam
1944 2151 2058 2215 propter
2077 2143 2155 2200 chri-

450 2236 558 2301 potest,
577 2247 633 2300 per
652 2223 714 2283 tum
732 2230 782 2298 qui
797 2229 870 2282 veuit
887 2243 1022 2296 were
1040 2234 1067 2279 tt
1083 2225 1197 2279 salvare
1216 2227 1390 2305 quod'stum
1406 2230 1486 2285 nobis
1504 2231 1673 2301 contingere,
1692 2236 1758 2284 etc:
1778 2230 1813 2284 ad
1831 2230 1880 2284 illa
1897 2230 2019 2285 naturali
2038 2230 2154 2285 rationis

452 2316 591 2386 perierat.
624 2320 646 2373 1.
672 2320 784 2370 maaet.
813 2330 836 2368 c.
861 2319 908 2369 22:
932 2314 1049 2366 Mutare
1070 2313 1239 2367 voluntatem
1262 2313 1292 2366 in
1318 2316 1421 2371 lumine
1446 2316 1648 2388 quodammodo
1667 2322 1760 2387 potest
1779 2315 1934 2386 perveniri,
1961 2317 2036 2372 unde
2056 2317 2156 2372 notitia

454 2402 554 2455 melius
570 2401 600 2454 in
619 2408 719 2454 nostra
733 2400 857 2468 positum
876 2407 917 2452 est
929 2407 1078 2469 potestate.
1113 2401 1291 2469 Respondet:
1319 2404 1386 2457 DEI
1407 2403 1540 2458 naturalis
1558 2409 1648 2457 ortum
1666 2402 1767 2472 habet,
1793 2420 1865 2474 quae
1882 2410 1976 2458 tamen
1995 2411 2037 2458 est
2056 2403 2155 2474 imper-

455 2496 495 2542 est
519 2489 549 2540 in
568 2494 708 2556 potestate
730 2485 865 2550 bominis,
892 2488 944 2539 sed
966 2502 1001 2539 ea
1019 2487 1101 2540 nulla
1120 2494 1172 2553 est,
1198 2485 1257 2539 uisi
1273 2504 1292 2538 a
1319 2490 1405 2559 fecta,
1434 2489 1570 2560 languida
1598 2494 1626 2543 et
1656 2495 1798 2559 corrupta,
1827 2490 1863 2543 ad
1893 2489 1960 2545 haec
1993 2507 2058 2545 vero
2084 2489 2155 2546 ratio

456 2575 520 2628 Deo
539 2575 635 2651 detur.
666 2578 686 2626 l.
705 2577 813 2627 rehact.
838 2589 862 2628 c.
884 2578 929 2627 26:
953 2574 1034 2626 Deus
1058 2591 1114 2626 non
1139 2574 1413 2639 miseretur,*nostra
1430 2591 1542 2646 prorsus
1561 2592 1645 2631 caeca
1662 2581 1706 2629 est
1724 2581 1752 2628 et
1770 2574 1958 2631 obtenebrata.
1992 2581 2016 2634 2.
2029 2576 2096 2631 Alia
2113 2580 2156 2632 est

454 2660 513 2715 nisi
536 2667 634 2713 nostra
657 2659 788 2713 voluntas
808 2659 1004 2728 praecesserit.
1040 2661 1217 2729 Respondet:
1240 2660 1417 2734 boclnotitia
1441 2661 1553 2731 literae,
1580 2663 1635 2716 alia
1653 2661 1780 2732 Spiritus.
1815 2660 1986 2733 Hypocritae
2004 2663 2109 2718 reuads
2126 2663 2155 2717 in

456 2747 561 2800 dictum
579 2752 619 2799 est
630 2753 698 2814 post
710 2744 922 2814 poenitentiam,
941 2752 981 2799 est
998 2746 1069 2798 enim
1086 2746 1171 2798 etiam
1184 2745 1291 2798 maseri-
1304 2754 1306 2764 '
1319 2748 1436 2803 ecclesia
1465 2747 1580 2803 admixti
1606 2748 1766 2820 intelligunt
1792 2749 1939 2802 articulum
1962 2749 1997 2803 de
2021 2748 2155 2818 trinitate,

455 2834 555 2889 cordia
579 2832 764 2902 praeveniens
789 2831 973 2905 volantatem,
999 2847 1068 2899 quae
1093 2832 1121 2885 si
1138 2849 1195 2885 non
1215 2829 1352 2907 assetus
1366 2834 1558 2913 incarnatione
1575 2835 1660 2903 verbi,
1680 2841 1732 2889 etc.
1769 2835 1824 2892 Sed
1841 2834 1891 2888 illa
1910 2834 2010 2889 notitia
2028 2836 2068 2891 sic
2081 2852 2154 2891 com·

454 2938 510 2974 non
531 2926 762 2988 praepararetur
778 2918 908 2970 uoluntas
926 2936 945 2971 a
962 2918 1096 2971 Domino.
1112 2963 1116 2968 .
1131 2917 1225 2989 Hujus
1245 2910 1415 3000 ge·}parata
1443 2928 1498 2989 est,
1525 2925 1557 2974 ut
1581 2919 1662 2975 litera
1686 2921 1779 2992 potius
1802 2927 1909 2975 constet
1933 2937 2016 2992 quam
2040 2921 2154 2992 Spiritu,

454 3006 528 3063 neris
544 3005 627 3076 plura
644 3009 755 3059 exstant
771 3004 802 3056 in
821 3002 899 3057 libris
917 3003 1177 3069 contraJulianum,
1196 3011 1292 3060 contra
1304 3006 1306 3070 i
1318 3008 1368 3061 hoc
1391 3011 1449 3076 est,
1481 3006 1562 3061 abest
1580 3006 1616 3060 ab
1637 3006 1690 3061 hac
1710 3006 1810 3061 notitia
1829 3007 1957 3062 salutaris
1975 3025 2105 3063 assensus
2126 3014 2155 3065 et

457 3092 626 3150 Caelestium
641 3092 676 3146 de
694 3097 794 3145 natura
810 3097 839 3146 et
850 3095 921 3162 grat.
935 3097 986 3146 etc.
1016 3091 1146 3147 Julianus
1159 3092 1294 3164 allegerat
1305 3077 1306 3135 i
1318 3093 1428 3158 fiducia,
1446 3110 1509 3147 cum
1528 3108 1584 3147 uon
1601 3093 1637 3147 sit
1654 3093 1774 3165 gratiose
1792 3094 1939 3164 obsignata
1956 3092 2156 3165 perspiritum

454 3179 553 3236 Basilii
570 3177 748 3233 sententiam:
768 3177 918 3231 Peccatum
935 3195 991 3231 non
1008 3179 1223 3247 estsubstantia,
1241 3181 1294 3232 sed
1319 3187 1461 3245 sanctum,
1496 3197 1586 3251 neque
1616 3181 1777 3251 adjunctam
1806 3180 1909 3235 habeat
1935 3196 2028 3235 veram
2059 3182 2154 3236 cordis

454 3268 596 3333 accidua,
615 3281 682 3331 erqo
702 3263 843 3328 facillime
855 3271 950 3332 potest
968 3265 1454 3334 avolantateseparari.fiduciam.
1497 3272 1521 3321 3.
1541 3265 1687 3330 Quoddam
1710 3266 1781 3321 velle
1806 3266 1924 3322 hominis
1947 3273 1990 3323 est
2012 3268 2154 3340 paedago-

453 3353 630 3425 Augustinus
648 3350 810 3421 respondet:
828 3352 924 3417 facile
949 3359 1067 3406 estnon
1091 3353 1229 3407 humanae
1245 3371 1292 3406 vo·
1318 3353 1425 3424 gisum,
1456 3353 1531 3424 quod
1560 3353 1672 3424 respicit
1701 3361 1843 3409 externum
1867 3354 1945 3409 verbi
1969 3354 2098 3408 auditum
2124 3360 2155 3410 et

455 3440 568 3503 lentati,
587 3439 639 3491 sed
656 3438 771 3491 diuinae
788 3426 1010 3507 misericordiae,
1028 3440 1061 3492 id
1078 3446 1176 3493 contra
1194 3440 1292 3493 Mani-
1304 3423 1306 3460 ¹
1318 3439 1521 3511 paedagogium
1539 3446 1687 3508 externam,
1707 3440 1782 3510 quod
1798 3444 1939 3510 praestare
1950 3438 2055 3494 homini
2069 3440 2154 3496 etiam

456 3528 557 3582 abacos
575 3525 697 3606 sufficit,
719 3524 770 3592 qui
781 3532 886 3595 patant
903 3526 1074 3594 impossibile
1091 3542 1158 3580 esse.
1192 3525 1291 3599 Hiero·
1304 3529 1306 3570 ἵ
1318 3526 1442 3580 noudum
1465 3532 1561 3581 renato
1585 3524 1677 3579 adhuc
1700 3525 1842 3589 relictum,
1867 3525 1944 3580 aliud
1967 3542 2032 3581 vero
2053 3533 2095 3581 est
2112 3526 2153 3583 ia·

455 3630 556 3685 aymus
568 3612 687 3667 dixerat:
704 3614 784 3666 Deus
798 3613 877 3665 dedit
888 3612 995 3666 bomini
1007 3611 1123 3665 liberum
1137 3613 1293 3687 arbitrium,
1304 3582 1306 3634 i
1317 3617 1426 3666 ternum
1445 3612 1517 3667 velle
1539 3617 1568 3667 et
1586 3629 1715 3667 assensus
1734 3610 1858 3681 interior,
1885 3628 1940 3682 quo
1959 3611 2154 3683 promissiones

457 3701 535 3754 dedit
551 3697 797 3768 mentriprapriae
808 3697 970 3764 libertatem,
980 3705 1011 3750 ut
1023 3698 1205 3753 oioeretmsus
1217 3700 1292 3769 quis·
1304 3694 1305 3771 i
1318 3699 1495 3770 evangelicae
1513 3704 1541 3753 et
1560 3697 1589 3751 iu
1607 3696 1660 3751 illis
1678 3697 1733 3752 Dei
1750 3699 1841 3769 gratia
1858 3704 2026 3769 acceptatur.

456 3803 509 3859 que
527 3803 583 3839 non
602 3801 636 3838 ee
656 3785 775 3853 imperio
794 3785 866 3852 Dei,
892 3786 944 3837 sed
960 3782 1088 3852 obsequio
1107 3802 1170 3854 mo,
1190 3784 1225 3838 id
1243 3792 1305 3854 est,'
1353 3790 1396 3840 81.
1433 3784 1463 3839 C.
1482 3791 1506 3840 9.
1533 3791 1560 3839 et
1583 3801 1659 3855 seqq.
1684 3784 1744 3855 agit
1759 3783 1943 3840 Bellarminus
1968 3783 2003 3838 dc
2022 3782 2153 3839 libertate
2166 3793 2200 3836 sn

455 3891 512 3927 non
534 3888 567 3925 ee
587 3870 763 3937 necessitate,
785 3870 837 3923 sed
861 3885 894 3923 en
912 3869 1067 3939 voluntate,
1090 3879 1121 3923 ut
1137 3870 1226 3925 virtus
1242 3871 1291 3925 lra-
1304 3863 1305 3881 ³
1318 3868 1425 3924 arbitrii
1444 3870 1473 3923 in
1492 3868 1535 3937 iis,
1552 3886 1623 3941 quac
1636 3869 1824 3939 pertiuentad
1838 3869 1963 3939 salutem,
1982 3886 2015 3923 ac
2030 3876 2153 3926 rosham
2165 3857 2199 3940 {ii}

457 3958 642 4019 beretlocum‚
655 3962 707 4011 etc.
732 3937 908 4027 Augustinus
920 3956 1077 4026 respondet,
1090 3936 1371 4029 Hieronymumisibi
1402 3955 1531 4025 proponit
1560 3955 1683 4010 refutare
1712 3954 1883 4011 sententiam.
1938 3955 2031 4011 Primo
2060 3961 2199 4044 autem}

456 4044 535 4114 loqui
553 4045 588 4097 de
607 4044 737 4097 libertate
755 4050 819 4096 ante
836 4042 956 4111 lapsum,
974 4042 1004 4096 in
1023 4059 1079 4113 qua
1099 4051 1211 4098 creatus
1229 4017 1442 4100 eratinominat
1468 4059 1594 4096 crassum
1616 4058 1753 4110 errorem,
1780 4044 1857 4110 quod
1873 4043 2011 4096 Lutbemm
2034 4044 2199 4112 dulcoratus

455 4130 561 4185 Adam.
619 4128 728 4183 Veteres
762 4144 795 4181 eo
830 4128 890 4195 leae
926 4136 1045 4183 naturae
1077 4130 1203 4185 salvatos
1233 4148 1291 4185 esse
1304 4106 1306 4213 i
1319 4129 1435 4182 liberum
1461 4128 1610 4181 arbitrium
1633 4145 1689 4180 non
1711 4128 1813 4181 babere
1834 4129 2006 4182 activitatem
2028 4130 2060 4181 in
2083 4116 2199 4199 bonai?

459 4217 585 4273 Clemens
608 4215 745 4271 Alexand.
768 4215 951 4286 Epiphanius
976 4223 1001 4269 et
1023 4216 1078 4271 alii
1098 4218 1237 4283 scribunt,·
1260 4218 1306 4272 id*
1319 4231 1416 4285 opere,
1442 4216 1556 4284 quando
1576 4216 1612 4267 de
1630 4214 1740 4268 interno
1758 4231 1841 4284 opere
1860 4214 2017 4285 loquimur,
2033 4216 2086 4269 boc
2105 4221 2199 4287 est,'⁸¹

456 4306 561 4360 diserte
577 4311 713 4373 tanquam
731 4302 919 4371 Pelopiauum
938 4303 1114 4372 Aupustinas
1130 4303 1233 4373 rejicit.
1304 4284 1436 4358 atheran
1455 4301 1603 4353 arbitrium
1620 4301 1719 4353 trabere
1740 4318 1769 4354 se
1789 4302 1818 4354 in
1836 4303 2014 4356 conversione
2029 4304 2152 4371 passive.

1304 4378 1540 4458 FRespondemus:
1562 4386 1701 4440 Lutherus
1718 4404 1774 4441 nou
1795 4388 1889 4442 docuit
1906 4388 1966 4444 sine
1983 4388 2153 4460 cogitatione

770 4493 978 4502 --····-
1304 4473 1417 4543 'mentis
1436 4478 1464 4528 et
1483 4473 1765 4534 assensuroluntatis
1784 4472 1844 4528 ficri
1864 4474 2085 4544 conversionem,
2102 4475 2153 4531 sed

1304 4551 1432 4631 'negarit
1455 4559 1492 4613 ad
1514 4558 1576 4613 illos
1599 4564 1678 4614 actus
1701 4560 1873 4614 naturalibus
1900 4560 1957 4615 suis
1980 4560 2087 4615 viribus
2106 4578 2152 4616 ro·

718 4658 821 4719 sno
840 4660 865 4719 Τ
881 4659 898 4720 1
917 4660 939 4721 0
975 4659 1032 4720 VI,
1319 4647 1452 4701 luntatem
1471 4645 1561 4699 actim
1573 4661 1742 4714 concurrere,
1760 4646 1812 4700 hoc
1824 4652 1875 4711 est,
1892 4647 2006 4718 negavit
2019 4649 2048 4701 in
2061 4652 2154 4703 mente

1169 4737 1170 4740 ’
1304 4751 1306 4787 1
1319 4750 1351 4787 ac
1362 4733 1504 4787 voluntate
1522 4748 1666 4802 superesse
1678 4730 1799 4805 δύναμιν
1812 4733 1951 4803 quandam
1967 4735 2152 4806 trspynnrnjr,

456 4797 677 4864 ΕΧΑΜΕΝ
707 4796 853 4863 LIBRI
884 4800 913 4863 6.
961 4798 1402 4891 BELLARMINquuam
1429 4817 1614 4889 pergratiam
1634 4818 1905 4888 excitataproicrat‚
1929 4820 2027 4874 ethuc
2046 4822 2154 4877 ratione

478 4901 545 4966 ou
575 4898 793 4965 viamus
822 4900 1005 4966 iseum
1026 4902 1272 4970 caeream
1304 4879 1433 4999 {spiritui
1452 4911 1730 4974 sanctonensis,
1749 4899 2155 4976 nequeuseriuse'xtensena

619 5001 675 5069 IN
709 5002 1129 5071 SPIRITUALIBUS.
1305 4991 1483 5059 tsimilitudm
1509 5009 1591 5062 quam
1618 4991 1733 5046 adhibet
1761 4992 1795 5047 de
1821 4992 1880 5046 luto
1904 4994 1933 5047 in
1958 5011 2042 5049 manu
2066 4994 2153 5067 figuli.

1305 5063 1397 5141 ildem
1416 5077 1486 5131 dixit
1499 5078 1647 5147 Lutherus,
1667 5078 1741 5150 quod
1761 5079 1826 5132 olim
1839 5078 2015 5151 Augustinus
2034 5081 2069 5153 de
2083 5086 2153 5154 grat

329 5160 445 5219 9035„-
493 5157 534 5207 80.
571 5152 632 5211 Lib.
652 5160 676 5209 6.
702 5153 738 5210 de
760 5160 831 5226 grat.
858 5162 886 5210 et
910 5154 957 5211 lib.
982 5154 1062 5211 arbit.
1080 5174 1102 5211 c.
1124 5163 1148 5212 2.
1168 5148 1348 5236 disputatict
1370 5162 1457 5218 libero
1482 5164 1595 5218 arbitrio
1618 5181 1641 5217 c.
1663 5170 1706 5219 16:
1731 5164 1843 5218 Certrsm
1863 5174 1902 5217 est
1918 5184 1969 5219 nos
1987 5168 2073 5232 neue,
2092 5187 2154 5222 eum

332 5239 420 5343 raptu
457 5237 653 5311 Bellurmiuus,
672 5260 728 5297 non
740 5259 828 5312 posse
845 5243 984 5296 bominem
1002 5244 1063 5297 sine
1082 5246 1202 5314 speciali
1221 5247 1289 5300 illu·
1305 5250 1460 5315 'columus,
1481 5253 1532 5303 sed
1552 5251 1704 5319 illefonsi,
1723 5251 1893 5320 strictimne,
1913 5253 1948 5306 de
1967 5270 2021 5322 quo
2040 5256 2154 5325 dicmrn,

330 5304 444 5405 {iifffl'
458 5326 593 5381 stratione
606 5330 666 5382 Dei
681 5331 795 5384 credere
812 5331 945 5397 mysteria
960 5331 1041 5400 fidei
1059 5347 1082 5386 c.
1095 5338 1125 5387 4:
1143 5350 1293 5402 nonposso
1322 5340 1400 5390 Deus
1420 5344 1476 5404 est,
1502 5338 1553 5405 qai
1575 5346 1709 5407 operatur
1733 5338 1816 5407 uella,
1838 5338 1912 5393 unde
1936 5339 2055 5409 primam
2078 5340 2154 5396 illam

330 5405 400 5450 ΠΜ·
456 5412 628 5467 uoluntatem
651 5415 800 5470 burianam
824 5416 938 5485 aliquid
951 5418 1022 5471 uelle
1039 5417 1069 5471 in
1088 5418 1139 5486 iis,
1162 5437 1235 5488 quae
1253 5422 1296 5474 ad
1319 5424 1438 5495 gretiam
1469 5439 1524 5477 non
1558 5432 1640 5478 vocat
1669 5430 1876 5494 cooperantem,
1907 5425 1957 5481 sed
1987 5435 2153 5497 operantem

453 5500 590 5569 pietatem
615 5506 641 5552 et
666 5502 785 5556 salutem
804 5503 949 5571 pertinent
972 5504 1031 5557 siue
1055 5505 1161 5558 auxilio
1180 5509 1447 5584 pratiae[Secundo
1484 5518 1597 5564 nemrot
1631 5510 1835 5574 Clemnioium
1873 5515 1950 5581 quod
1985 5514 2064 5568 mala
2093 5517 2155 5585 fide

459 5587 525 5641 Dei.
548 5604 571 5642 c
591 5592 621 5642 5:
647 5603 702 5639 non
723 5604 807 5659 posse
830 5589 965 5643 bominem
988 5590 1058 5644 solis
1084 5599 1202 5645 naturae
1226 5595 1307 5647 oiri-t
1322 5598 1507 5666 Pelopianum
1525 5598 1608 5650 istum
1625 5615 1747 5651 errorem
1762 5598 1921 5661 Pontificius
1938 5599 2055 5669 tribuat,
2072 5601 2157 5670 quasi

459 5675 508 5729 bees
535 5675 577 5728 ael
601 5673 725 5743 pralium
752 5675 943 5745 recipiendam
967 5676 1028 5730 ullo
1052 5678 1135 5730 modo
1160 5694 1189 5729 se
1207 5665 1418 5753 prae-*nepem
1436 5685 1604 5738 volantatem
1622 5692 1746 5738 nost-ram
1764 5685 1837 5738 ninii
1856 5685 1967 5739 omnino
1987 5686 2053 5740 boni
2071 5687 2155 5757 spiri·

453 5779 572 5831 parare,
592 5760 755 5831 nequidem
774 5777 807 5813 ee
825 5780 955 5830 conpruo.
974 5781 996 5819 a
1016 5770 1044 5818 ¹1:
1062 5782 1119 5818 non
1132 5782 1217 5834 posse
1234 5769 1294 5821 sino
1319 5771 1405 5824 tuales
1425 5777 1450 5825 et
1468 5770 1607 5824 salutaris
1624 5772 1736 5839 efficere
1751 5789 1834 5841 posse
1851 5774 1911 5826 sine
1923 5773 2031 5829 crastin
2042 5776 2154 5843 prateae

382 5918 398 5942 ·..
457 5848 566 5902 aredio
592 5848 705 5918 ararim
731 5848 825 5902 Deum
851 5849 949 5920 diupi,
977 5849 1006 5904 in
1030 5850 1132 5923 quibus
1158 5852 1387 5925 omnibuastei.
1419 5856 1646 5928 Respondemus:
1667 5862 1750 5913 notae
1767 5864 1832 5912 sunt
1849 5856 2082 5915 scholasticorum
2100 5860 2154 5913 dis-
