5017 6675
1681 527 1693 555 O

937 590 990 647 DE
1008 586 1183 647 Paeonio
1202 586 1412 652 ORIGINALI.
1956 600 2014 659 181

318 758 370 811 que
394 744 549 814 appetendi
563 745 707 810 fumidus.
742 745 780 798 In
804 761 922 814 carpam
941 747 1072 816 plurima
1094 754 1158 801 sunt
1182 746 1262 804 Rom.
1282 754 1306 817 8,
1321 766 1347 804 v.
1365 755 1393 805 6:
1413 750 1443 804 ιό
1460 746 1594 824 φρόνημα
1611 749 1658 816 τῆς
1675 747 1778 820 σαρκὸς
1795 745 1927 819 θάνατος,
1943 766 1970 802 r.
1985 755 2016 804 t:

318 834 515 900 incommoda,
532 840 558 886 et
577 833 617 884 ad
633 839 781 885 annuum
798 831 864 901 s'psn
881 849 963 887 mors.
985 849 1009 890 c.
1027 838 1052 889 8.
1088 833 1156 902 Spe·
1182 831 1213 889 rb
1239 834 1372 910 φρόνημα
1397 838 1444 904 τῆς
1468 836 1570 910 σαρκὸς
1597 835 1686 907 ἔχθρα
1712 839 1750 896 εὶς
1770 834 1847 890 θεόν.
1888 834 1966 890 Rom.
1990 841 2015 905 7,

320 922 419 978 riulan
443 921 559 973 morum
581 919 720 973 nidorum
743 916 874 988 ἐξήγησιν
896 918 1003 974 orditur
1019 927 1047 974 et
1066 918 1155 990 primo
1180 938 1205 975 v.
1226 927 1271 978 14:
1291 924 1355 993 Epo
1373 925 1500 978 earnalis
1516 942 1589 994 sum,
1606 922 1786 976 venundatum
1798 923 1849 975 sub
1862 930 2014 992 peccatum.

321 1009 380 1064 loeo
406 1011 552 1061 enumerat
577 1004 655 1059 vana
677 1005 776 1060 mentis
803 1011 939 1061 humanae
960 1007 1076 1060 uulnera
1096 1006 1155 1060 sive
1180 1006 1244 1063 Joh.
1264 1011 1288 1078 8,
1306 1028 1332 1065 v.
1351 1015 1397 1065 ³4:
1417 1011 1520 1078 Omnis,
1540 1011 1590 1081 qni
1605 1010 1677 1069 facit
1691 1017 1845 1079 peecatum,
1862 1026 1958 1062 smmis
1976 1017 2015 1062 cst

321 1095 438 1162 morbos,
458 1093 507 1164 qui
524 1093 580 1147 sint
599 1095 624 1148 1.
644 1093 807 1160 ipnorantia
823 1108 917 1146 rerum
935 1093 1155 1147 nmmsariarum
1176 1096 1297 1163 peccati.
1332 1094 1433 1167 Ephes.
1452 1101 1481 1165 t,
1506 1113 1532 1150 v.
1552 1102 1581 1152 82
1608 1096 1695 1150 natis
1713 1096 1871 1164 alr'qrcundo
1889 1096 2021 1148 tenebrae

321 1184 349 1235 in
374 1180 535 1249 insontibus
560 1187 657 1247 tanta,
687 1188 793 1249 quanta
815 1196 849 1233 ne
872 1181 904 1232 in
927 1180 1021 1234 bestiis
1043 1181 1154 1248 quidem
1180 1187 1231 1234 etc.
1261 1185 1286 1235 3.
1306 1180 1387 1245 Quod
1407 1183 1528 1243 eiurante
1546 1199 1612 1238 suae
1625 1181 1825 1237 dissertationis
1838 1181 2014 1235 manifestum

321 1268 449 1323 cernitur.
492 1269 519 1322 2.
531 1266 674 1334 Fatuitas,
692 1284 753 1319 erum
770 1283 826 1334 qua
844 1266 974 1320 nonnulli
991 1274 1151 1319 nascuntur.
1179 1264 1247 1320 iacit
1272 1266 1334 1336 ipsa
1355 1267 1540 1322 Bellarminus
1565 1285 1589 1322 o.
1616 1273 1655 1324 16.
1679 1273 1708 1322 et
1724 1267 1788 1331 ult,
1812 1266 1860 1322 ubi
1879 1276 2014 1335 tanquam

322 1358 345 1410 3.
367 1353 539 1422 DsJfimsltas
563 1354 699 1407 discendi.
739 1357 764 1406 4.
790 1353 937 1420 Ipnoratio
962 1353 1055 1406 ultimi
1078 1353 1150 1419 finis,
1179 1351 1347 1406 haereticum
1373 1355 1404 1407 in
1427 1356 1505 1408 nobis
1528 1355 1682 1424 improbat,
1703 1355 1799 1422 primo
1817 1355 1895 1421 quod
1915 1354 2013 1405 statui·

321 1442 346 1495 in
364 1441 446 1507 euius
464 1439 615 1508 adeptione
633 1439 776 1492 beatitudo
796 1440 929 1494 coruistit.
959 1444 985 1492 ὗ.
1004 1439 1152 1508 lpnoratio
1179 1456 1239 1491 mess
1252 1456 1308 1507 per
1325 1441 1438 1510 lapsum
1452 1441 1536 1494 Adae
1554 1442 1714 1494 emtinetum
1730 1440 1846 1493 liberum
1863 1439 2013 1491 arbitrium

321 1527 472 1581 medior-rim
489 1527 531 1578 ad
542 1527 637 1595 finem.
673 1528 698 1579 6.
718 1525 889 1594 Difficultm
908 1525 1088 1592 intellipendi
1101 1544 1151 1578 na-
1178 1524 1219 1590 (in
1238 1524 1323 1579 rebus
1341 1526 1532 1595 spiritualibus
1549 1535 1625 1597 puta,
1644 1544 1708 1581 nam
1726 1526 1754 1579 in
1772 1524 1891 1579 externis
1904 1524 2012 1594 aliquas
2024 1528 2120 1571 Iit-³³¹1·

320 1622 396 1667 tiras
412 1628 517 1668 rerum.
548 1612 731 1679 7.Ipnoratio
743 1611 881 1681 proprius
899 1612 1005 1666 mentis.
1032 1618 1057 1666 t.
1071 1611 1151 1673 Quod
1179 1627 1321 1681 superesse
1357 1613 1456 1666 mentis
1490 1629 1523 1666 ac
1554 1613 1704 1667 voluntatis
1735 1612 1807 1666 vires
1832 1611 1906 1665 haud
1933 1610 2013 1664 inriti

319 1718 392 1754 mens
420 1699 544 1752 bumana
572 1714 591 1750 a
617 1716 734 1768 corpore
756 1698 786 1751 in
810 1698 993 1766 intelliqendo
1014 1698 1150 1768 impedia-
1178 1697 1381 1764 concedimus);
1415 1699 1518 1751 deinde
1534 1701 1612 1767 quod
1627 1716 1760 1765 nepamus
1777 1699 1912 1752 bominem
1931 1713 2011 1750 rena-

318 1795 369 1841 mr.
402 1788 429 1840 9.
450 1784 609 1838 Curiositas
626 1787 766 1854 quaedam
780 1787 983 1854 propemodum
1001 1785 1151 1841 naturalis.
1178 1792 1234 1836 tum
1252 1783 1317 1837 licet
1334 1792 1359 1838 ct
1371 1785 1558 1854 justificatum
1572 1787 1699 1854 perfecte
1717 1786 1803 1851 lepem
1818 1786 1876 1838 Dei
1897 1784 2013 1853 implere

318 1877 359 1927 10.
378 1872 462 1936 Quod
473 1871 562 1925 made
574 1872 683 1935 inania,
700 1872 783 1938 leuia,
804 1872 1150 1941 ineptaooloimusanimo
1178 1879 1203 1924 et
1220 1872 1306 1923 mam
1323 1880 1464 1924 aeternam
1487 1874 1590 1925 mereri
1608 1891 1692 1942 posse
1714 1872 1762 1938 (ds
1784 1872 1828 1925 his
1855 1879 2012 1925 controver-

316 1960 358 2013 rsl
378 1958 480 2027 ines'to,
502 1958 587 2012 etiam
609 1958 781 2013 alienissimo
800 1967 929 2028 tempore.
958 1975 981 2013 o.
1003 1964 1047 2013 10:
1072 1960 1150 2011 Enu-
1178 1956 1225 2010 siis
1248 1975 1315 2010 suus
1340 1958 1392 2012 erit
1416 1958 1533 2013 docendi
1558 1959 1663 2027 loeus);
1699 1960 1818 2027 denique
1847 1960 1924 2027 quod
1942 1959 2014 2010 inter
2051 1986 2054 1997 ·

315 2054 404 2100 merat
437 2046 547 2099 morbos
578 2063 612 2098 ac
642 2044 761 2097 nsslnero
789 2046 953 2108 uoluntatis,
995 2062 1067 2114 pisae
1094 2045 1149 2098 sint
1176 2045 1288 2106 frustm
1324 2046 1474 2112 eripientis
1500 2032 1613 2115 peccati
1640 2046 1791 2113 referimus
1821 2045 1916 2097 odium
1946 2045 2012 2112 Dei,

315 2139 338 2187 1.
358 2136 511 2206 φιλαυτία,
531 2133 589 2185 sice
606 2149 688 2186 amor
704 2133 757 2186 sui.
793 2135 820 2186 2.
839 2132 1011 2200 Difficultas
1028 2132 1058 2185 in
1074 2132 1150 2185 vitiis
1176 2131 1277 2199 frspam
1288 2131 1398 2198 judieii
1408 2132 1506 2200 divini,
1523 2132 1724 2185 dubitationem
1736 2149 1771 2184 ac
1783 2131 2011 2199 desperationem,

313 2220 487 2291 superandis
505 2226 533 2272 st
550 2218 697 2271 uirtutibus
714 2218 883 2274 recolendis.
922 2221 948 2272 3.
967 2218 1149 2271 Incredibilis
1177 2216 1228 2271 hoc
1246 2216 1430 2272 bellarminus
1450 2217 1712 2289 impugnatduplioi
1725 2224 1901 2288 argumento:
1916 2218 2011 2286 primo

313 2307 487 2375 nselipsntia
505 2306 535 2357 in
548 2305 593 2373 iis,
612 2321 683 2372 quae
699 2306 741 2357 ad
752 2305 829 2357 beate
840 2305 985 2357 uiuendum
999 2305 1148 2374 pertinent.
1176 2322 1232 2357 non
1250 2305 1382 2356 ersistunt
1403 2306 1432 2356 in
1456 2306 1564 2358 bomine
1583 2305 1655 2358 tales
1671 2314 1775 2371 motus,
1799 2305 1857 2356 ussi
1872 2306 2011 2358 mediante

312 2398 335 2448 4.
355 2393 550 2445 immoderata
567 2390 717 2443 solicitudo
736 2391 766 2442 in
784 2390 871 2443 lucris
887 2391 1087 2460 temporalibus
1103 2408 1148 2443 ca·
1177 2392 1294 2460 imperio
1311 2391 1482 2457 voluntatis;
1504 2393 1626 2461 propria
1645 2408 1710 2458 erpo
1729 2392 1845 2444 istorum
1863 2408 1951 2444 cansa
1971 2399 2012 2444 est

307 2478 438 2549 plaudis.
474 2482 500 2533 5.
523 2476 607 2539 Quod
626 2477 755 2530 voluntas
779 2479 821 2529 ad
838 2477 930 2529 Deum
947 2493 1042 2529 cerum
1059 2475 1149 2529 colen-
1174 2477 1304 2531 uoluntas
1329 2479 1460 2531 humanu.
1507 2477 1732 2549 Respondemus:
1764 2477 1857 2532 Motus
1887 2477 1928 2531 illi
1957 2495 2012 2532 non

311 2567 379 2617 mem
397 2564 579 2629 tardissima,
601 2563 643 2615 ad
660 2562 791 2616 colendos
801 2562 900 2628 falsos
920 2563 997 2615 Deos
1016 2563 1148 2630 promtis·
1175 2581 1284 2633 semper
1301 2571 1367 2618 sunt
1384 2580 1401 2618 s
1418 2564 1560 2618 voluntate
1577 2564 1705 2634 imperati
1724 2565 1766 2631 (ut
1778 2564 1948 2633 loquuntur),
1962 2564 2011 2618 sed

309 2653 392 2703 sima.
438 2652 464 2704 6.
484 2648 696 2716 Inconstantio,
727 2648 913 2713 instabilitas,
939 2665 1038 2717 pupna
1065 2666 1148 2717 quae·
1176 2649 1343 2719 quandoque
1370 2649 1453 2703 etiam
1477 2651 1506 2703 in
1524 2649 1604 2704 nobis
1630 2649 1722 2703 inritis
1739 2665 1773 2703 ac
1790 2648 2011 2720 repugnantibus

309 2739 378 2790 dam
409 2744 437 2789 et
466 2735 602 2788 contentio
632 2734 785 2788 uoluntatis
816 2734 961 2787 humanae.
1007 2736 1029 2789 7.
1054 2735 1147 2788 Fasti·
1175 2735 1317 2804 oriuntur,
1345 2741 1388 2790 est
1404 2735 1489 2806 igitur
1506 2751 1590 2790 causa
1608 2735 1722 2789 istorum
1740 2741 1865 2789 motuum
1882 2734 2010 2788 voluntas

307 2825 389 2876 diam
402 2822 524 2891 proprii
540 2829 636 2877 statm
672 2826 695 2875 8.
718 2821 801 2883 Quod
819 2820 923 2883 nidlrss,
941 2822 999 2873 nisi
1010 2838 1066 2890 per
1081 2839 1147 2887 pra·
1174 2837 1223 2890 por
1246 2828 1392 2890 peecatum
1413 2829 1557 2892 corrupte,
1583 2838 1639 2875 non
1656 2829 1764 2875 tantum
1788 2828 1819 2876 ut
1836 2828 1901 2874 sunt
1919 2827 2010 2874 motus

306 2911 377 2963 dam
394 2915 556 2975 renouetur,
576 2914 696 2977 peecata
713 2906 849 2960 mortalia
867 2908 962 2960 omnia
979 2908 1068 2960 uitare
1082 2915 1147 2975 pot·
1175 2907 1317 2976 imperati,
1344 2908 1393 2961 sed
1419 2906 1501 2961 etiam
1521 2915 1552 2961 ut
1576 2906 1670 2964 eliciti.
1705 2907 1832 2963 Secundo
1851 2907 1901 2959 isti
1922 2915 2010 2959 metris

307 3004 364 3063 est,
381 2994 510 3048 venialia
523 3011 588 3047 osro
605 3011 639 3048 ne
655 2994 784 3047 renouati
796 2994 908 3063 quidem
919 3001 1044 3062 possunt.
1069 3010 1092 3049 e.
1107 2999 1146 3049 11.
1173 2994 1351 3047 inveniuntur
1373 2995 1404 3046 in
1428 2994 1541 3057 multis,
1570 2994 1600 3046 in
1618 2994 1716 3062 quibus
1739 3010 1795 3045 non
1813 3000 1853 3045 cst
1871 2993 2010 3060 oripinals

305 3088 453 3137 σικιννισταί
463 3079 582 3133 vulnera
595 3079 691 3148 partis
701 3080 864 3142 inferioris,
883 3097 954 3149 psas
964 3080 1021 3133 sint
1037 3086 1058 3136 l.
1070 3083 1148 3150 'qrtod
1170 3087 1330 3148 peccatum,
1356 3087 1387 3133 ut
1408 3081 1438 3132 in
1458 3080 1648 3147 daemonibus,
1667 3087 1693 3133 st
1712 3098 1768 3133 non
1785 3079 1961 3132 inveniuntur
1978 3080 2009 3131 in

306 3169 392 3222 multi
407 3174 562 3221 nascantur
581 3167 659 3220 caeci
676 3174 724 3219 aut
740 3168 824 3219 surdi
842 3175 890 3220 aut
901 3169 972 3220 muti
983 3154 1043 3222 etc.
1066 3169 1093 3220 2.
1104 3167 1146 3221 Il·
1172 3166 1283 3230 misius,
1308 3166 1339 3218 in
1357 3167 1455 3235 mribus
1473 3174 1512 3219 est
1530 3167 1670 3233 oripinale
1684 3175 1846 3236 peccatum,
1870 3174 1901 3219 ut
1918 3166 1948 3218 iu
1965 3166 2008 3218 in·

274 3305 277 3308 .
306 3255 383 3308 lusr‘o
407 3253 587 3309 somniorum.
627 3255 654 3306 3.
682 3253 765 3314 Quod
786 3253 904 3306 interior
927 3269 1021 3305 sennis
1044 3253 1146 3305 mirum
1167 3253 1308 3315 fontibus.
1356 3244 1581 3323 Respondemus:
1613 3252 1770 3307 Daemones
1797 3252 1864 3307 licet
1891 3261 2008 3324 peceato

305 3343 338 3395 in
356 3343 472 3396 madum
489 3340 703 3409 intellipentiem
717 3340 834 3409 impedit
846 3347 874 3394 et
885 3341 1043 3408 confundit.
1063 3345 1086 3395 t.
1098 3340 1146 3393 In·
1172 3337 1311 3408 originali,
1330 3337 1357 3395 b.
1376 3354 1399 3392 e.
1421 3337 1597 3409 corruptione
1616 3345 1732 3394 naturae
1750 3357 1799 3410 per
1817 3340 1930 3394 modum
1948 3356 2006 3393 ear·

297 3429 430 3499 firmitas
459 3427 489 3480 in
515 3431 641 3497 appetitu
668 3425 813 3479 irascibili.
860 3430 885 3479 5.
915 3426 1145 3495 Concupiscentia
1171 3424 1242 3479 nelis
1261 3424 1446 3496 generationis
1464 3425 1493 3478 in
1511 3425 1585 3494 ipsos
1599 3433 1754 3497 propagata
1769 3434 1895 3495 careant,
1913 3432 2007 3480 tamen

305 3514 427 3585 spiritui
443 3530 613 3583 repupnans.
642 3511 673 3567 C.
695 3517 733 3566 12.
752 3520 896 3565 enumerat
912 3513 1042 3565 mekerias
1059 3513 1144 3566 lomi·
1172 3512 1232 3581 ipso
1250 3516 1366 3581 peccato
1384 3517 1413 3564 et
1424 3510 1549 3565 horribili
1567 3513 1867 3581 naturaecorruptione
1878 3529 1930 3582 per
1943 3529 2007 3583 pcc·

305 3619 374 3655 num
397 3601 497 3669 quoad
518 3616 632 3667 coeptu,
659 3615 732 3667 quae
755 3598 826 3651 sint:
856 3604 877 3654 1.
897 3600 1022 3651 cannas
1039 3601 1145 3652 morbo·
1172 3606 1265 3651 catum
1283 3598 1439 3653 introducta
1456 3615 1512 3652 non
1530 3607 1640 3667 carent,
1667 3599 1735 3669 quid
1757 3616 1825 3671 ergo
1844 3599 1957 3666 mirum,
1983 3600 2007 3653 si

304 3707 378 3742 rum.
409 3690 437 3742 2.
458 3685 542 3747 Quod
557 3685 789 3754 spsamorborum
803 3685 896 3738 media
908 3687 1145 3755 suntplerumquc
1172 3685 1241 3738 tales
1260 3685 1343 3739 etiam
1361 3685 1765 3754 motusinipsisinveniantur.
1795 3684 1919 3740 Infantes
1932 3685 2006 3757 quod

304 3782 455 3830 tormema
490 3774 517 3825 3.
540 3772 621 3835 Quod
638 3773 694 3825 eibi
710 3790 744 3826 ac
758 3780 843 3841 potus
861 3773 1019 3841 indipentia
1040 3776 1081 3826 ad
1098 3792 1145 3825 ra·
1172 3771 1286 3836 attinet,
1314 3771 1421 3825 etiamsi
1448 3772 1588 3839 corruptio
1615 3770 1664 3825 illa
1690 3776 1754 3826 actu
1773 3773 1865 3842 quoad
1882 3779 2005 3827 nostrum

305 3863 379 3916 biern
398 3861 568 3932 mundoque
589 3859 713 3911 homines
736 3860 870 3914 adducet.
905 3863 930 3915 4.
953 3851 1038 3922 Quod
1052 3868 1145 3912 tantus
1171 3874 1282 3910 sensum
1301 3858 1329 3910 in
1347 3857 1413 3925 ipsis
1433 3874 1494 3912 sese
1507 3857 1629 3910 nondum
1642 3865 1758 3925 exserat,
1776 3868 1924 3929 antequam
1939 3878 2005 3915 usus

304 3950 390 4003 labor
414 3948 458 4000 ad
481 3946 583 3998 uictum
600 3946 766 4014 parandum
788 3946 969 3998 necessarios.
1011 3949 1036 3999 5.
1067 3946 1145 3999 Vitae
1171 3943 1284 3998 rationis
1303 3943 1431 4010 accedat,
1454 3949 1548 3997 tamen
1565 3943 1643 3997 Deus
1667 3944 1790 3999 intuetur
1813 3946 2005 4001 absconditum

303 4036 437 4089 brevitas.
457 4035 484 4089 6'.
496 4032 592 4085 Timor
603 4032 748 4085 continuus
760 4032 928 4085 imminentis
941 4033 1045 4087 mortis.
1063 4031 1144 4089 (213.
1171 4030 1261 4084 cordis
1281 4029 1392 4093 malum,
1412 4030 1485 4100 quod
1504 4046 1653 4100 progressu
1672 4031 1803 4100 temporis
1820 4030 1907 4086 instar
1924 4051 2005 4088 rene·

303 4128 451 4176 suammet
466 4119 606 4184 miserias,
626 4134 699 4186 quas
713 4118 882 4171 estrimeeus
895 4118 1144 4174 bominicecidunt
1170 4122 1254 4171 natae
1276 4115 1377 4186 segetis
1401 4115 1507 4187 largam
1531 4115 1645 4169 istorum
1667 4126 1791 4170 motuum
1809 4135 1926 4174 messem
1943 4137 2004 4190 pro-

303 4218 332 4264 st
349 4215 430 4261 sunt:
461 4210 483 4259 1.
501 4205 603 4258 labere
620 4206 715 4258 Deum
732 4206 852 4271 iratnm;
882 4207 907 4257 2.
931 4221 990 4259 esse
1007 4208 1057 4259 sub
1081 4208 1143 4261 dia·
1171 4203 1262 4271 ducit,
1282 4202 1356 4273 quod
1375 4218 1425 4256 suo
1442 4202 1502 4256 loeo
1523 4201 1634 4256 uberius
1653 4204 1861 4262 declaravimus.
1943 4215 1946 4219 ·

304 4295 366 4350 boli
383 4300 523 4363 potestate
529 4312 541 4359 ,·
567 4294 594 4348 3.
619 4292 695 4359 quod
718 4290 840 4344 homines
861 4290 1056 4360 sibimetipsis
1074 4293 1143 4347 inti-

303 4398 364 4435 eens
390 4379 566 4432 insidientur.
620 4381 644 4432 i.
669 4376 862 4429 inobedientia
887 4377 1072 4431 animantium
1095 4397 1142 4434 ra·
1484 4397 1691 4405 ---·

304 4467 392 4522 donis
413 4464 568 4535 expertium
590 4463 726 4516 adversm
750 4461 894 4518 bominem.
930 4468 956 4518 5.
976 4463 1142 4535 Calamitas,

304 4571 378 4625 quae
396 4570 410 4606 e
429 4550 523 4619 coelo,
543 4558 637 4616 urea,
656 4549 733 4602 mari
750 4566 806 4602 non
830 4567 898 4602 raro
916 4551 1044 4604 neddere
1061 4552 1140 4607 solet.
1436 4543 1503 4604 ΟΔ
1519 4544 1543 4603 P
1562 4544 1591 4604 U
1610 4546 1635 4604 Τ
1671 4544 1732 4605 IX.

302 4636 948 4792 altitudinum.
1168 4664 1867 4836 Moavppggpppppggpss
1898 4670 1998 4738 1100
2056 4789 2061 4796 ,

257 4827 273 4867 t·
302 4830 368 4868 nem
386 4827 443 4866 non
461 4810 572 4866 omnino
585 4807 780 4878 improbamus,
800 4808 1034 4879 imperfectionem
1048 4818 1139 4865 tamen

301 4898 446 4971 quandam
470 4896 500 4950 in
527 4912 560 4949 ea
584 4894 838 4949 animadvertimus.
876 4902 897 4951 1.
919 4895 1050 4960 Quamvis
1068 4896 1139 4950 enim
1204 4908 1261 4958 128.
1296 4902 1394 4957 Restat
1420 4902 1539 4974 denique
1564 4904 1771 4975 explicandum,
1800 4906 1937 4976 quomodo
1962 4906 1998 4960 ab
2013 4922 2131 4971 Quomodo

302 5002 327 5039 a.
350 4990 391 5040 u.
410 4989 440 5036 et
461 4988 499 5037 n.
520 4988 617 5036 eontra
635 4981 801 5053 Pelagianos
819 4982 998 5053 ecquosnam
1010 5000 1043 5037 ex
1056 4980 1138 5037 senc
1165 4988 1215 5041 ma
1233 4988 1361 5059 ongum
1384 4988 1447 5043 labe
1465 4990 1648 5044 mundemur?
1672 4990 1704 5045 fit
1720 4991 1789 5044 mun
1805 4991 1834 5044 m
1852 4991 1999 5061 baptismo,
2012 4973 2105 5064 2232,

304 5068 413 5124 lastieis
437 5066 579 5130 ostendat,
605 5066 857 5137 concupiscentiam
876 5084 935 5123 esse
955 5068 1068 5137 malam,
1092 5088 1139 5125 ne·
1165 5074 1216 5141 qui
1249 5082 1290 5126 est
1324 5075 1468 5128 lavacrum
1498 5078 1717 5143 repeneruts'onia
1748 5085 1773 5130 et
1801 5079 1999 5148 renovationis,
2014 5077 2119 5125 ⁰¹¹ss¹¹¹⁸¹¹

303 5171 360 5227 que
384 5170 419 5209 ex
443 5161 560 5207 naturae
583 5152 756 5216 conditione,
789 5154 838 5208 sed
861 5172 895 5209 ex
915 5156 1023 5223 peccati
1040 5156 1138 5212 merito
1165 5160 1220 5214 Tit.
1240 5165 1271 5228 3,
1293 5179 1318 5213 v.
1340 5168 1363 5216 5.
1397 5162 1584 5234 Regeneratio
1608 5164 1800 5234 complectitur
1823 5172 1999 5235 peecatorum
2012 5134 2116 5177 mm

302 5250 396 5298 ortam
414 5254 483 5306 esse,
500 5239 571 5294 hauc
588 5248 682 5294 tamen
702 5247 734 5294 ut
752 5245 780 5295 et
796 5240 903 5311 reliqua
918 5242 1027 5311 mentis,
1043 5244 1137 5297 volun·
1164 5246 1354 5301 remissionem
1385 5265 1437 5318 per
1468 5248 1571 5304 Christi
1601 5248 1778 5321 sanguinem,
1813 5250 1860 5321 qui
1886 5270 1935 5307 nos
1962 5254 1998 5308 ab

300 5329 371 5384 tstis
398 5344 432 5381 sc
458 5324 595 5380 inferioris
619 5326 706 5395 partis
734 5328 817 5396 (quae
842 5328 881 5380 ita
905 5332 997 5396 vocat)
1025 5330 1139 5384 vulnera
1164 5334 1238 5388 omni
1257 5340 1371 5404 peceato
1392 5334 1493 5404 abluit3
1518 5335 1659 5391 renovatio
1678 5336 1870 5405 complectitur
1888 5339 2000 5394 mortifi-

299 5428 408 5485 magno
425 5417 529 5467 conatu
546 5418 631 5483 negat
648 5428 708 5466 esse
727 5418 853 5483 peecata,
873 5414 953 5484 eujus
971 5417 1137 5470 eontrarium
1165 5418 1300 5474 ostionem
1329 5419 1420 5474 caruis
1447 5427 1476 5475 et
1494 5419 1696 5476 inchoationem
1712 5438 1800 5477 novae
1817 5424 1999 5492 obedientiae,

298 5517 352 5555 suo
371 5498 434 5554 loco
454 5497 635 5578 ebcdptuns
655 5497 911 5554 demonstrabimus.
945 5505 969 5556 ².
987 5500 1064 5566 Quae
1075 5500 1138 5556 Bel·
1164 5522 1236 5577 quae
1253 5504 1282 5559 in
1301 5505 1352 5560 hae
1369 5507 1428 5561 rita
1445 5524 1501 5561 non
1519 5517 1561 5563 est
1578 5507 1705 5562 omnibus
1725 5509 1814 5563 modis
1831 5511 1959 5567 absoluta
1972 5521 2000 5569 et

295 5585 437 5641 larminns
465 5582 601 5638 inferioris
631 5599 664 5637 ac
691 5583 839 5653 superioris
863 5586 949 5655 partis
973 5586 1083 5641 morbos
1106 5604 1138 5642 ao
1163 5590 1304 5662 perfecta,
1334 5592 1401 5663 quia
1426 5594 1649 5648 interior·liomo
1677 5605 1827 5649 renovetur
1847 5600 1883 5651 de
1903 5600 1950 5652 die
1970 5602 1998 5652 in

295 5672 419 5726 vulnera
437 5670 573 5740 appellat,
592 5669 621 5723 in
639 5669 679 5724 eis
697 5667 885 5725 describendis
902 5671 1043 5742 Scriptma
1060 5690 1138 5727 sacra
1164 5680 1247 5746 diem,
1284 5685 1307 5735 2.
1327 5677 1388 5734 Cor.
1406 5687 1430 5748 t,
1450 5699 1476 5734 r.
1499 5687 1541 5744 163
1560 5680 1718 5750 perficietur
1737 5691 1830 5737 autem
1848 5684 1997 5754 aliquando

294 5758 394 5815 verbis
414 5756 496 5829 longe
516 5755 698 5812 atrocioribus
715 5755 816 5825 utitur,
836 5756 907 5827 Eph.
927 5764 959 5826 2,
980 5777 1006 5813 v.
1027 5766 1049 5813 1.
1067 5766 1095 5813 et
1112 5767 1135 5815 5.
1164 5765 1194 5819 in
1211 5765 1306 5820 sutum
1325 5765 1395 5829 vita,
1420 5765 1468 5820 ubi
1489 5767 1589 5820 erimus
1607 5766 1756 5839 ὁλοτελεῖς,
1784 5768 1923 5841 ἰσάγγελοι
1952 5776 1998 5824 καὶ

292 5844 358 5902 Coi
381 5849 406 5910 2,
425 5862 450 5898 v.
470 5849 515 5901 1³:
537 5861 650 5898 namus
667 5845 772 5899 mortui
787 5845 817 5900 in
837 5844 947 5900 delictis
964 5854 990 5900 et
1002 5848 1136 5915 pcccatis.
1163 5850 1274 5913 πάντως
1294 5850 1489 5926 ἀναμάρτητοι.
1525 5852 1572 5908 Sic
1593 5854 1674 5911 docet
1697 5856 1838 5927 apostolus
1862 5875 1880 5912 a
1895 5858 1998 5913 renatis
