5017 6675
951 628 1003 684 ιι
1024 625 1197 685 mesano
1217 625 1430 687 οιιιιιιιι.
1577 598 1582 607 ’
1983 642 2042 701 ιιι

337 779 377 833 rel
394 778 465 849 quia
482 786 609 833 terrenos
627 779 751 835 homines
771 790 860 853 uorat,
878 784 924 838 uel
941 784 1009 853 quia
1023 783 1053 837 in
1066 790 1176 837 terrem
1203 790 1314 837 sereret
1337 784 1368 838 in
1389 785 1507 841 homine.
1531 802 1555 840 ο.
1575 791 1622 842 36:
1656 787 1834 841 Mentiuntur
1857 804 1963 853 mmor,
1992 788 2046 859 gui

336 872 496 919 muetos-um
508 882 631 935 corpora
640 876 807 937 potestatem
825 879 939 939 exercet,
958 870 1070 925 animas
1084 877 1176 924 autern
1203 872 1400 925 contradicunt
1429 872 1490 941 ejus
1516 871 1638 941 [Adami]
1659 872 1763 941 saluti,
1789 866 1900 944 semper
1918 875 2043 945 setipsos

335 952 464 1006 occidere
489 969 545 1005 non
568 959 669 1022 potest.
714 955 754 1008 Id
771 956 846 1016 facit
864 957 969 1009 cunctis
986 956 1083 1010 diebus
1101 956 1176 1010 uitae
1203 956 1379 1011 secludentes
1402 976 1422 1011 a
1442 958 1514 1027 vito,
1541 976 1572 1013 eo
1596 959 1672 1028 quod
1690 975 1747 1035 non
1770 962 1887 1013 credant
1904 959 2043 1015 inuentam

333 1054 417 1105 snae,
446 1038 481 1091 id
504 1045 559 1103 eet,
585 1056 672 1108 usque
696 1042 738 1093 od
754 1042 828 1095 diem
839 1043 967 1111 judicii5
995 1059 1067 1112 quae
1084 1042 1176 1096 omnia
1202 1058 1291 1110 mem,
1312 1060 1383 1112 quoe
1399 1043 1527 1112 perierat
1532 1064 1545 1109 ;
1562 1044 1590 1097 si
1606 1044 1698 1098 autem
1720 1044 1775 1096 silo
1792 1063 1848 1099 non
1864 1051 1906 1098 est
1922 1046 2042 1111 inuenta,

334 1129 398 1178 sunt
416 1129 544 1179 contorta
571 1130 599 1179 et
624 1140 643 1179 a
668 1131 746 1180 textu
767 1127 867 1183 aliena
905 1127 977 1184 Sane
1000 1127 1114 1198 quidam
1142 1145 1175 1182 ex
1201 1129 1295 1182 adhuc
1307 1129 1474 1199 possidetur
1492 1130 1523 1183 in
1538 1128 1699 1199 perditione
1719 1129 1809 1184 omnis
1827 1129 1948 1184 hominis
1961 1146 2042 1199 pene·

332 1210 461 1281 patribus
488 1209 571 1265 etiam
599 1209 643 1265 his
673 1211 813 1284 allegoriis
843 1214 1032 1282 delectantur,
1065 1214 1174 1269 interim
1200 1215 1293 1267 ratio.-
1318 1216 1439 1268 mendou
1461 1231 1528 1282 erpo
1545 1214 1584 1283 is,
1609 1215 1659 1284 qni
1672 1214 1759 1284 prior
1775 1206 1847 1267 tanc
1866 1218 2040 1281 renuntiem,

332 1304 426 1351 tamen
445 1296 585 1360 fatentur,
606 1296 679 1352 haue
699 1298 921 1354 comminationis
938 1305 1045 1370 partem
1065 1300 1175 1371 proprie
1201 1299 1256 1352 imo
1285 1300 1358 1356 bane
1385 1301 1577 1370 ipnorantiom
1609 1308 1637 1355 et
1664 1300 1824 1357 coecitatem
1848 1301 1960 1356 inducit
1985 1304 2040 1356 Ta·

332 1390 359 1440 st
384 1384 414 1438 iu
433 1399 516 1438 sensu
535 1382 637 1438 literali
654 1384 691 1440 de
709 1385 830 1439 naturali
849 1392 977 1456 serpente
993 1385 1175 1457 intelligenda
1200 1385 1304 1443 tianae.

331 1486 401 1527 esse.
439 1468 580 1524 Posterior
605 1486 670 1540 pars
695 1476 804 1525 tantum
823 1472 944 1542 pertinet
968 1472 1005 1526 ad
1025 1471 1174 1540 diabolum,
1236 1476 1278 1526 49.
1313 1467 1400 1525 Porro
1416 1470 1569 1543 primorum
1585 1476 1732 1542 parentam
1749 1479 1904 1571 peecatum,
1922 1479 1952 1528 et
1967 1468 2174 1561 quaem*um

331 1555 376 1609 cui
402 1554 509 1609 bellum
531 1572 581 1625 per
606 1573 700 1611 semen
726 1557 848 1612 mulieris
869 1557 934 1612 olim
954 1556 1128 1613 inferendum
1149 1565 1176 1613 et
1201 1555 1271 1610 illud
1289 1562 1385 1612 secuta
1401 1563 1481 1629 sunt,
1501 1574 1557 1613 neu
1574 1559 1615 1614 ιιι
1631 1558 1799 1628 iutueamur,
1821 1575 1863 1615 ιο
1870 1558 1893 1613 ιι
1911 1561 1974 1615 ιι·
1965 1579 2067 1661 rpsosn
2052 1519 2103 1663 eu:⁸
2087 1581 2124 1612 ιιι

331 1640 461 1695 contritio
488 1640 602 1711 eapitis,
628 1640 681 1695 hoc
705 1646 763 1712 est,
790 1642 937 1713 potestatis
963 1659 996 1697 ae
1022 1643 1103 1740 regni
1129 1643 1175 1698 de·
1201 1643 1274 1697 solos
1301 1649 1486 1741 spectassent,
1514 1645 1592 1700 nulla
1616 1651 1710 1701 autem
1733 1663 1766 1701 ex
1784 1654 1864 1717 parte
1886 1664 1935 1702 noe
1959 1648 2041 1702 attin·
2053 1625 2145 1724 {³2:312}

332 1725 449 1780 structio
473 1725 669 1796 denuntiatur;
699 1743 782 1798 quam
807 1728 998 1800 evangelicam
1016 1729 1173 1799 premissio-
1202 1736 1313 1801 gerent3
1342 1729 1408 1801 quie
1425 1732 1521 1783 aldam
1540 1739 1641 1800 postea
1665 1733 1761 1799 penuit
1772 1733 1866 1803 filiurn
1884 1734 1954 1786 ad'
1941 1733 2041 1801 tmapi·

332 1828 396 1865 nem
408 1828 463 1866 uon
476 1812 614 1882 patiamur
633 1829 651 1866 a
664 1813 840 1883 Bellarmiuo,
858 1813 983 1883 Calvino,
1002 1813 1175 1870 Photiuianis
1201 1832 1264 1868 nem
1282 1823 1308 1868 et
1325 1814 1539 1870 similitudinem
1557 1835 1638 1870 suam
1648 1815 1751 1871 (ιιι.Ι
1738 1844 1763 1885 a,
1781 1834 1806 1871 ι.
1823 1823 1855 1874 3:
1874 1818 1989 1890 qualis
1980 1835 2041 1889 ipse

281 1896 321 1939 ⁸¹⁵·
334 1902 362 1953 et
381 1896 520 1952 Rabbiuis
542 1897 582 1952 ita
602 1897 764 1968 depravari,
795 1907 827 1954 ut
848 1899 877 1955 ιι
901 1917 984 1955 ιιιιι
1012 1900 1114 1955 literali
1138 1903 1173 1956 sd
1202 1907 1269 1965 erat,
1290 1899 1361 1955 tales
1379 1900 1450 1956 filine
1468 1900 1629 1972 generabat,
1648 1902 1770 1974 imagine
1784 1903 1839 1959 Dei
1852 1904 1993 1975 spoliatos,
2013 1908 2041 1958 et

333 1983 491 2037 naturalem
519 1989 674 2053 serpentem
704 1983 857 2054 referatur,
889 2002 946 2057 qua
970 1986 1006 2040 de
1036 2002 1066 2041 re
1094 1987 1175 2058 plura
1198 1985 1310 2064 jpstitia
1329 1985 1457 2058 originali
1477 1986 1630 2049 destitutos,
1649 1995 1780 2058 peccato,
1801 1989 1859 2043 irae
1877 1988 1939 2057 Dei,
1959 1990 2041 2043 morti

334 2068 470 2139 superius.
1203 2077 1230 2126 et
1253 2071 1423 2127 damnationi
1447 2071 1587 2127 ebnoxios.
1621 2072 1687 2128 Fuit
1704 2073 1796 2128 Adam
1820 2082 1848 2130 et
1871 2075 1900 2129 in
1918 2074 1967 2130 illo
1987 2075 2040 2129 iui-

281 2164 313 2203 ss-
367 2161 409 2210 st.
450 2153 488 2210 Vi
514 2152 627 2209 ιιιιιιι
657 2152 878 2209 comminationis
906 2155 1114 2225 pereundum'
1105 2157 1174 2226 ipsis
1203 2175 1264 2211 mus
1285 2174 1389 2231 omnes,
1409 2157 1492 2228 periit
1510 2158 1601 2213 Adam
1620 2158 1672 2213 ιι
1664 2176 1693 2213 ιι
1712 2159 1760 2213 ιιιο
1778 2159 1909 2232 periimus
1927 2176 2029 2218 omnes.

281 2216 432 2296 &inisset
450 2247 566 2296 aeterna
581 2246 678 2309 morte,
696 2239 749 2295 nisi
767 2241 845 2295 Deus
863 2256 898 2295 ex
914 2258 1015 2297 arcano
1034 2258 1102 2296 suae
1118 2260 1174 2297 ma
1237 2249 1279 2299 50.
1314 2242 1354 2299 Ut
1376 2242 1540 2315 parentibus
1566 2245 1768 2316 possessionem
1792 2246 1871 2301 feudi
1892 2246 2041 2303 amittenti·

281 2319 310 2398 J,
330 2327 442 2396 jestatis
458 2326 574 2383 consilio
593 2332 622 2382 et
640 2326 743 2425 abysso
755 2326 961 2382 misericordiae
979 2328 1174 2398 suaeprimam
1203 2329 1255 2383 bus
1281 2329 1362 2383 etiam
1388 2329 1439 2384 filii
1465 2329 1583 2385 masculi
1608 2347 1669 2385 eam
1691 2331 1834 2400 amittunt,
1861 2330 1928 2403 quia
1943 2348 2041 2403 pareu-

281 2416 322 2452 ⁸2¹r
335 2413 525 2486 evangelicam
547 2413 756 2484 promissionem
780 2415 815 2469 de
840 2414 944 2470 semine
969 2413 1091 2469 mulieris
1112 2431 1175 2469 eon·
1202 2420 1244 2468 tes
1263 2432 1319 2470 neu
1336 2421 1444 2470 tantum
1460 2433 1512 2487 pro
1531 2433 1574 2485 se,
1595 2416 1645 2471 ιιι
1663 2418 1746 2473 ctiam
1763 2435 1814 2489 pro
1834 2417 1899 2473 tiliis
1916 2434 1977 2473 eam
1995 2436 2042 2475 ae·

334 2499 435 2553 trituro
453 2506 540 2571 eaput
558 2500 692 2571 serpentis
712 2499 881 2570 protulisset
917 2499 1016 2557 Semen
1034 2500 1103 2555 illud
1117 2518 1175 2554 mu·
1203 2507 1351 2571 ceperunt3
1371 2502 1411 2557 ita
1423 2502 1504 2573 primi
1517 2509 1646 2572 parentes
1666 2503 1703 2557 ad
1716 2503 1866 2575 imaginem
1880 2503 1935 2559 Dei
1947 2505 2042 2574 creati,

334 2586 407 2641 lieris
432 2592 476 2641 est
502 2585 626 2642 Christus
645 2586 712 2641 DEI
730 2586 803 2641 filius
826 2604 860 2642 ex
875 2585 983 2657 virgine
999 2591 1099 2656 natus,
1127 2587 1177 2656 qui
1203 2586 1277 2640 dona
1301 2585 1350 2641 ille
1371 2587 1426 2642 Dei
1451 2587 1626 2659 benignitate
1651 2588 1705 2644 sibi
1729 2605 1861 2644 concessa
1885 2607 1935 2659 pro
1958 2607 1988 2646 se
2014 2597 2043 2647 et

334 2673 457 2725 renitet
476 2689 563 2741 opera
582 2673 693 2727 diaboli
708 2672 833 2726 us’cs'ssim
851 2674 1007 2726 destrueret
1028 2679 1050 2728 l.
1068 2671 1131 2728 Joh.
1151 2678 1175 2741 3,
1203 2673 1321 2743 posteris
1355 2673 1442 2727 instar
1466 2673 1586 2744 depositi
1607 2674 1729 2730 fideliter
1755 2674 1939 2731 custodienda
1963 2693 2041 2733 ecee

335 2775 360 2810 ι.
377 2762 408 2821 85
433 2757 586 2813 includitur
609 2765 703 2814 autem
726 2758 756 2813 iu
777 2758 831 2814 hac
851 2758 989 2814 sententia
1006 2759 1140 2815 redemtio
1158 2775 1176 2813 ι
1202 2767 1309 2830 perant,
1327 2759 1389 2815 ideo
1405 2759 1488 2815 etiam
1506 2777 1540 2815 ea
1556 2777 1611 2815 nou
1629 2760 1812 2831 sibitantum,
1830 2762 1944 2818 sedisti
1961 2763 2041 2835 stirpi

335 2848 459 2914 peccata
479 2852 566 2901 morte
586 2852 615 2900 et
634 2845 749 2906 inferno.
787 2844 816 2901 Si
836 2844 909 2899 euim
929 2845 1065 2915 serpentis
1089 2852 1175 2916 caput
1203 2862 1236 2899 ex
1254 2862 1284 2900 se
1302 2846 1414 2916 genitae
1435 2845 1576 2917 peccando
1592 2845 1781 2916 perdiderant.

336 2930 440 2986 conteri
462 2929 563 2998 debet,
592 2930 717 3000 profecto
735 2937 845 3002 oportet
862 2930 967 2986 aboleri
984 2938 1108 2987 mortem.
1145 2931 1175 2987 Si
1237 2937 1278 2986 51.
1315 2930 1370 2985 Per
1385 2930 1523 2986 hominem
1541 2930 1647 2986 vietam
1661 2937 1720 2986 tota
1738 2936 1838 2986 natura
1855 2937 1987 3002 oomnpta
1998 2939 2042 2988 est

320 3032 407 3085 ,mors
424 3015 561 3086 aboletur,
587 3017 670 3071 etiam
688 3016 784 3072 mortis
803 3015 932 3071 meritum
949 3016 1084 3087 aboletur,
1103 3017 1130 3074 h.
1151 3036 1174 3073 e.
1195 3022 1230 3072 'et
1256 3017 1334 3089 quasi
1358 3017 1525 3073 fermentata
1550 3023 1673 3087 peceato.
1707 3015 1832 3072 Anselm.
1857 3018 1919 3075 libr.
1942 3024 1965 3074 1.
1983 3017 2041 3074 cur

336 3109 489 3173 ιιοιιιιιι.
530 3101 561 3157 si
581 3109 746 3173 peceatum,
770 3119 836 3174 ergo
862 3109 891 3157 et
913 3102 1071 3158 maledictio
1095 3103 1174 3175 legis,
1202 3104 1278 3157 Deus
1306 3103 1388 3157 homo
1417 3118 1442 3159 c.
1470 3107 1516 3158 2³:
1549 3102 1622 3156 Tota
1645 3111 1750 3156 neaera
1772 3103 1895 3158 bumana
1922 3104 1953 3157 in
1980 3104 2041 3158 illis

336 3205 384 3243 uec
402 3187 433 3242 id
444 3194 563 3257 tautum,
581 3188 630 3243 sed
648 3189 803 3244 restituitur
817 3188 898 3242 simul
916 3188 1083 3256 obedientia,
1102 3206 1174 3260 quae
1201 3196 1276 3258 erat,
1295 3196 1321 3242 et
1338 3196 1418 3241 entra
1435 3188 1503 3241 illos
1527 3190 1562 3242 de
1581 3205 1615 3241 ea
1635 3189 1708 3242 nihil
1724 3197 1800 3259 erat,
1817 3191 1882 3243 ideo
1900 3197 1959 3244 tota
1977 3207 2040 3260 spo·

337 3273 437 3328 amissa
464 3279 521 3340 est,
554 3280 583 3328 et
609 3290 672 3345 spes
697 3274 771 3329 vitae
794 3281 925 3330 aeternae
947 3273 1114 3343 ostenditur,
1143 3281 1175 3329 ut
1201 3275 1648 3346 liata,infirn1ataetcorrupta
1666 3284 1715 3346 est,
1734 3277 1870 3331 remansit
1889 3278 1920 3330 in
1940 3294 1974 3331 ea
1993 3278 2040 3331 de·

337 3360 451 3431 pulchre
478 3360 514 3413 D.
540 3359 683 3415 Lutherus
712 3360 764 3416 hoe
793 3361 929 3417 observat.
974 3360 1062 3417 Simul
1090 3362 1173 3417 etiam
1200 3363 1285 3416 eiam
1304 3361 1453 3430 justitiae,
1480 3378 1564 3430 quam
1590 3370 1751 3432 acceperat,
1776 3364 1899 3417 debiturn
1921 3364 2040 3431 satissa-
2053 3366 2152 3413 Mt&

338 3445 506 3514 ostenditur,
525 3446 723 3502 redemtionem
741 3447 817 3501 illam
835 3454 863 3503 et
879 3447 1031 3518 serpentini
1051 3447 1173 3519 eorporis
1199 3448 1302 3516 ciendi,
1323 3450 1400 3517 quod
1420 3464 1481 3500 eam
1499 3449 1668 3508 deseruerat,
1689 3466 1750 3501 aem
1767 3449 1833 3519 ipsa
1850 3451 2039 3548 comptiores,
2112 3511 2118 3522 „

339 3532 531 3587 contritionem
550 3530 590 3586 ita
607 3533 667 3588 sore
684 3540 885 3604 comparatam,
910 3545 943 3589 ut
961 3533 1064 3588 Christi
1084 3535 1172 3589 calca-
1200 3552 1283 3604 quam
1292 3551 1346 3603 per
1358 3541 1506 3602 peecatum
1523 3534 1690 3588 incurreret.
1721 3533 1808 3589 Idem.
1828 3533 1863 3589 de
1877 3551 1956 3591 eona
1967 3534 2039 3608 virg.

338 3636 402 3674 neus
419 3625 592 3683 conteratur,
612 3619 641 3671 id
660 3623 710 3685 est,
731 3619 926 3689 eripiendam'
918 3618 972 3690 ipsi
992 3620 1090 3688 vitam,
1115 3620 1172 3674 sdi-
1199 3635 1224 3678 c.
1243 3624 1273 3675 ιι
1294 3609 1533 3680 Quemadmodum
1552 3618 1641 3686 icitur
1660 3635 1694 3672 es
1710 3615 1809 3674 radice
1825 3627 1961 3690 corrupta
1976 3637 2038 3690 per·

338 3705 459 3802 gendum
485 3721 550 3759 eum
575 3705 603 3759 in
628 3720 755 3772 crucem,
785 3711 814 3759 et
837 3721 902 3760 vera
924 3704 1025 3761 Christi
1049 3706 1173 3761 membra
1200 3706 1277 3761 mina
1295 3713 1320 3759 et
1335 3707 1447 3770 fructus
1461 3706 1726 3774 enascunturprooi
1745 3714 1772 3758 ιι
1790 3706 1924 3776 corrupti,
1941 3706 2039 3761 enim·

338 3790 409 3845 cruci
429 3790 459 3844 in
477 3790 603 3846 haesita
619 3791 679 3846 fore
697 3791 832 3862 subjecta.
1197 3802 1271 3862 puro
1285 3792 1370 3858 sonte
1383 3791 1499 3845 sordidi
1517 3799 1690 3860 promanant
1708 3792 1804 3860 rivuli,
1826 3808 1858 3845 ee
1873 3793 2039 3861 parentebus

368 3882 410 3932 48.
443 3876 527 3931 Hane
545 3877 682 3947 evangelii
699 3876 909 3949 promissionem
926 3876 962 3930 de
973 3876 1076 3932 Massia
1091 3875 1173 3947 primi
1201 3877 1321 3946 leprosis
1339 3877 1423 3930 liberi
1438 3884 1608 3945 generantur
1627 3877 1749 3947 leprosi,·
1765 3878 1808 3930 ita
1826 3895 1858 3931 er
1871 3879 2039 3949 primispa·

337 3968 465 4035 parentes
482 3979 549 4017 rere
565 3963 621 4018 tide
640 3969 705 4017 sunt
721 3963 851 4033 amplexi,
871 3970 900 4018 et
917 3963 1027 4031 salutis,
1051 3965 1107 4034 qua
1125 3979 1174 4033 per
1199 3963 1324 4017 rentibus
1346 3970 1462 4031 peccato
1484 3964 1624 4033 corruptis
1649 3970 1676 4017 ιι
1697 3965 1861 4033 ιιιριαιοιιι
1885 3973 2051 4026 nascuntur,

336 4055 483 4120 peccatum
502 4048 675 4118 exciderant,
693 4049 844 4120 participes
862 4049 945 4117 iacti,
966 4049 1031 4104 iude
1047 4049 1174 4104 Adamus
1201 4066 1295 4104 omnes
1310 4048 1422 4119 posteri
1434 4065 1489 4118 per
1503 4057 1648 4118 peecatum
1665 4049 1795 4119 corrupti
1812 4057 1839 4104 et
1856 4051 2016 4121 depravati.

336 4152 449 4192 morem
468 4151 547 4189 suam
566 4140 648 4189 vocat
663 4133 786 4203 Herem,
810 4134 915 4203 idest,
941 4135 1092 4202 visentem,
1118 4151 1174 4205 qua
1236 4141 1278 4191 52.
1314 4135 1464 4189 Peccatum
1485 4153 1551 4206 ergo
1574 4134 1644 4189 illud
1662 4153 1719 4190 non
1741 4141 1784 4191 est
1805 4136 1895 4191 modis
1912 4136 2041 4192 omuibus

335 4223 511 4296 ὀιομιιεσιᾳ
528 4218 611 4276 fidem
629 4239 707 4277 suam
725 4221 881 4293 profitetur,
902 4222 977 4292 quod
995 4221 1101 4277 scilieet
1118 4237 1174 4276 cre·
1201 4239 1219 4276 a
1236 4221 1318 4276 nobis
1337 4220 1468 4290 alienum,
1487 4220 1553 4293 quia
1570 4220 1663 4275 Adam
1682 4237 1738 4274 uon
1756 4226 1790 4276 ut
1805 4221 1931 4293 privatus
1949 4222 2040 4291 home,

335 4309 396 4378 ιιι,
425 4325 461 4363 ex
477 4305 559 4364 Hera
576 4308 746 4363 nascitumm
763 4308 838 4363 ritae
856 4309 970 4376 ducem,
995 4307 1043 4377 qui
1059 4312 1174 4362 mortem
1201 4307 1250 4362 sed
1269 4314 1301 4363 ut
1319 4313 1405 4377 eaput
1421 4306 1506 4360 totius
1527 4306 1640 4360 humaui
1657 4305 1767 4376 generis
1786 4307 1926 4377 peccarim
1955 4312 2041 4378 atque

333 4399 545 4466 perpetuatum
562 4392 591 4446 in
610 4393 744 4448 mundam
757 4392 941 4456 introductam
958 4393 1111 4447 aboliturus
1130 4393 1174 4461 sit,
1202 4400 1234 4447 ut
1260 4398 1360 4446 natura
1383 4392 1506 4447 hamana
1524 4408 1575 4462 per
1594 4390 1685 4462 ipsum
1703 4391 1906 4448 communicata
1929 4390 1963 4446 fit
1978 4409 2040 4464 pro·
2127 4425 2129 4430 ·

335 4497 369 4535 ae
395 4481 484 4534 vitam
515 4478 671 4534 bominibus
700 4479 891 4548 restituturum
924 4478 990 4533 iude
1019 4478 1081 4533 Eva
1108 4483 1174 4532 nato
1201 4478 1263 4550 pria
1282 4478 1383 4549 cuique
1403 4493 1538 4548 personae
1555 4493 1588 4531 ex
1602 4476 1663 4547 ipse
1680 4477 1801 4549 genitae,
1820 4478 1860 4533 sie
1878 4483 1908 4534 st
1923 4485 2041 4534 naturae

335 4566 422 4622 Caino
445 4565 595 4621 exclamat:
625 4566 748 4620 Possedi
769 4566 861 4619 virum
884 4566 1053 4635 Dominum,
1083 4564 1173 4620 existi-
1201 4566 1341 4637 corruptio
1380 4581 1430 4635 per
1465 4563 1694 4635 propagationem
1725 4565 1951 4621 communicatur.
1998 4565 2041 4620 Ae

334 4671 415 4708 mans
438 4669 470 4708 se
493 4668 589 4707 verum
604 4651 739 4707 Jehovam
757 4650 909 4723 serpentini
927 4651 1026 4722 capitis
1044 4650 1173 4706 contrite·
1202 4652 1320 4723 proinde
1337 4651 1569 4721 quemadmodum
1593 4651 1683 4705 tribus
1701 4650 1830 4706 Iseritica
1845 4650 1954 4708 inclusa
1970 4651 2039 4703 lum-.

335 4757 395 4795 rem
417 4737 570 4809 peperisse.
604 4739 646 4794 Eo
673 4739 757 4793 etiam
783 4744 910 4809 spectant
936 4736 1070 4791 sacrificia
1094 4735 1174 4791 Caini
1203 4738 1245 4792 bis
1273 4738 1353 4792 Adae
1380 4736 1501 4791 decimas
1528 4736 1661 4791 obtulisse
1687 4736 1909 4792 Melchisedeeho
1940 4735 2041 4789 dicitur

333 4832 364 4880 et
380 4824 494 4894 Abelis,
520 4841 603 4895 quem
628 4824 714 4879 divini
736 4824 828 4878 cultus
844 4823 956 4877 modum
974 4822 1071 4893 procul
1088 4822 1175 4877 dubio
1202 4823 1288 4878 Hebr.
1308 4830 1332 4889 t,
1350 4840 1375 4875 ι.
1399 4829 1429 4891 93
1456 4822 1497 4876 ita
1516 4828 1544 4876 et
1562 4839 1621 4880 ιοι.
1643 4822 1691 4893 qui
1709 4821 1739 4876 in
1757 4820 1860 4878 lumbis
1876 4819 1956 4874 Adae
1974 4835 2038 4889 pcc-
2093 4881 2100 4888 ,

333 4929 384 4982 per
400 4910 543 4966 Adamum
557 4911 635 4966 Deus
653 4911 721 4981 ipsis
739 4909 971 4977 manifestaverit;
998 4909 1096 4964 eodem
1114 4927 1174 4979 spe·
1203 4908 1292 4963 cantis
1312 4906 1478 4972 delituimus,
1497 4907 1526 4960 iu
1544 4913 1653 4962 etcum
1671 4908 1731 4977 ipso
1748 4905 1897 4962 nenmodo
1909 4903 2039 4974 corrupti,

284 4994 286 4998 ’
333 5005 412 5052 amnt
429 4997 516 5052 verba
535 4997 585 5052 illa
607 4997 641 5052 de
658 4996 795 5051 levatione
810 4996 868 5051 ιιιι
886 4993 1046 5050 remissione
1066 4994 1175 5066 peccati
1203 4994 1252 5049 sed
1279 5001 1308 5048 et
1329 4994 1369 5048 rei
1388 4993 1445 5046 irae
1463 4991 1516 5046 Dei
1535 4993 1601 5046 iacti
1620 5009 1722 5046 sumus.
1759 4989 1929 5062 [Collatiouis
1948 4989 2049 5060 gratia·

333 5083 364 5137 iu
380 5083 518 5154 premisso
537 5083 642 5138 semine
660 5083 828 5154 quaerenda.
865 5081 936 5137 Gen.
953 5088 984 5145 4,
1003 5098 1030 5136 ι.
1048 5087 1071 5136 7.
1101 5079 1174 5137 Ιιιι.
1203 5080 1257 5133 hue
1283 5078 1379 5134 referri
1398 5085 1503 5148 potest,
1524 5078 1598 5149 quod
1617 5079 1636 5134 l.
1656 5086 1679 5131 5.
1714 5077 1745 5130 O.
1765 5077 1801 5131 ad
1822 5077 1840 5130 l.
1858 5075 1915 5132 dul.
1934 5077 2041 5146 majest,

333 5168 381 5225 hb.
400 5174 425 5224 3.
445 5184 469 5222 e.
487 5173 535 5224 34·
562 5169 656 5222 Nimis
676 5168 939 5236 irrationabilem,
957 5167 1039 5221 ilium
1056 5166 1175 5237 quidun,
1203 5164 1349 5233 statuitur,
1368 5167 1401 5219 ob
1420 5165 1526 5218 erimus
1544 5166 1640 5218 laesae
1659 5162 1818 5231 majestatie
1836 5162 1920 5215 etiam
1938 5162 2041 5217 liberos

334 5273 383 5326 que
379 5255 574 5309 'uebemerster
592 5254 659 5307 αι
646 5254 760 5308 mimico
777 5254 872 5308 loeas
890 5261 963 5322 erat,
985 5261 1011 5306 et
1023 5253 1109 5324 prior
1128 5269 1175 5306 ea·
1199 5252 1359 5322 puniendas
1377 5267 1438 5306 esse
1438 5251 1461 5322 ‚J

329 5342 493 5439 punitatem
517 5359 622 5411 passus
639 5348 694 5409 est,
724 5341 817 5394 dicere
834 5357 890 5392 non
908 5340 982 5409 eripe
977 5338 1036 5391 ab
1054 5354 1102 5407 eo,
1128 5338 1178 5407 ossi
1245 5342 1286 5393 53.
1331 5336 1372 5392 ιιι
1400 5353 1467 5408 ergo
1491 5333 1583 5390 Adam
1611 5338 1685 5404 post
1700 5331 1809 5402 lapsum
1835 5331 1928 5386 amisit
1951 5330 2041 5386 lucem

333 5425 431 5481 moerit
457 5427 619 5496 inimicum,
647 5433 756 5496 ereptos
772 5442 837 5479 uero
855 5425 931 5490 filios
953 5426 1032 5494 ejus,
1060 5441 1130 5493 quos
1146 5424 1175 5477 in
1204 5422 1315 5478 divinas
1332 5421 1500 5494 sapientiae,
1525 5420 1566 5474 ita
1583 5424 1611 5473 et
1627 5433 1679 5471 uos
1695 5416 1834 5472 nascimur
1851 5416 1976 5472 destituti
1993 5416 2043 5470 illa

333 5514 432 5566 eodan
446 5512 607 5583 captivitate
622 5512 774 5582 generauit,
793 5528 843 5565 nee
859 5512 946 5564 victus
957 5510 1069 5579 quidem
1082 5509 1190 5564 adhuc
1188 5508 1369 5582 cognitionis
1388 5506 1500 5562 divinae
1517 5505 1588 5560 luce.
1617 5503 1659 5560 Ut
1669 5501 1762 5556 Adam
1778 5501 1854 5574 fugit
1864 5507 2042 5573 conspectum

327 5599 484 5668 parebat'
471 5599 615 5667 inimicus,
642 5599 713 5669 apsis
732 5597 868 5651 ueteribus
886 5596 987 5666 spoliis
1004 5585 1177 5650 manassis
1200 5596 1270 5662 Dei,
1296 5595 1337 5649 ιιι
1358 5599 1388 5650 et
1412 5610 1463 5648 uos
1486 5591 1556 5646 tales
1579 5593 1719 5644 nascimur
1744 5587 1869 5643 ιιιιιιιιι
1891 5587 1969 5643 filiali
1987 5586 2042 5642 Dei

333 5686 415 5753 opud
432 5701 503 5739 eum.
523 5700 546 5738 e.
565 5688 612 5738 ³5:
633 5685 713 5738 Deus
730 5701 786 5737 non
802 5681 895 5751 ipsum
913 5681 1061 5736 maledicit
1070 5681 1176 5750 Adam,
1201 5680 1313 5737 fiducia.
1354 5678 1395 5737 Ut
1418 5677 1511 5732 Adam
1536 5681 1683 5747 peecatum
1708 5679 1838 5730 extenuat
1861 5679 1891 5730 et
1915 5677 2042 5740 excusat,

332 5772 387 5824 sed
397 5778 503 5825 terram
515 5770 546 5823 in
564 5769 695 5838 operibus
714 5770 784 5838 ejus,
803 5768 936 5839 quoniam
954 5767 1067 5838 quidem
1085 5775 1176 5822 trous·
1201 5767 1242 5824 ita
1261 5773 1290 5823 et
1302 5784 1352 5823 uos
1370 5772 1429 5822 tam
1447 5769 1568 5820 extreme
1585 5762 1708 5833 corrupti
1726 5778 1829 5832 sumus,
1847 5764 1881 5815 nt
1892 5765 2042 5816 ιιιιιιιιιιιι

332 5856 399 5912 adit
418 5856 501 5911 Deus
521 5855 748 5911 maledictionem
765 5855 796 5909 in
813 5863 933 5924 terram
958 5861 989 5908 ut
1008 5871 1064 5910 uon
1076 5868 1176 5923 perse·
1202 5852 1280 5908 illam
1298 5849 1505 5924 corruptionem
1523 5864 1578 5906 nes
1594 5848 1664 5906 setis
1681 5863 1861 5916 agnoscamus
1877 5861 1930 5902 uss
1947 5843 2042 5916 deplo-
