5017 6675
977 492 1030 549 DE
1047 491 1322 551 protutorem.
1955 505 1992 561 11

300 645 395 715 lqsss
411 644 550 710 Ι,11555151
552 664 564 712 ,·
588 647 641 700 sed
663 646 762 715 155555
786 654 827 701 est
848 664 936 700 causo
959 647 1134 701 desertionis.
1161 648 1237 702 tione
1248 647 1361 702 Domini
1378 664 1429 718 pro
1443 663 1546 718 genere
1561 646 1690 712 hnmano,
1710 654 1742 703 ut
1758 665 1809 718 por
1825 647 1911 716 illum,
1924 665 1996 719 quse

303 728 334 782 Iu
350 729 463 800 reliquis
476 735 570 785 sutem
585 729 727 786 homiuum
743 732 865 802 peccetis
877 731 931 788 hoc
948 733 1030 787 modo
1042 731 1137 786 5115155
1161 733 1302 788 videretur
1319 750 1379 789 5555
1398 733 1524 803 desertio,
1544 751 1594 789 nos
1612 735 1688 806 prius
1707 735 1818 798 deserti,
1836 734 1937 790 deinde
1954 753 1995 791 re·

304 815 471 886 providentis
499 817 647 872 concurrit.
689 818 808 884 Qusndo
834 818 907 874 enim
929 818 1011 874 homo
1034 818 1137 874 resistit
1160 819 1234 891 cepti
1252 836 1301 890 per
1317 818 1534 874 incarnationem
1553 819 1655 874 Christi
1675 820 1846 875 cruciatibus
1864 821 1924 890 ejus
1943 821 1995 874 551-

306 901 411 972 Spiritui
429 908 528 955 555555
546 909 575 957 55
591 902 649 958 ruit
667 904 697 958 in
722 905 843 970 5551555,
871 905 948 960 Deus
971 905 1062 975 gratis
1084 920 1136 957 555
1160 920 1262 957 remur.
1293 903 1379 975 Hngo
1399 921 1482 975 super
1498 905 1572 960 Psnl.
1591 912 1632 960 11.
1653 905 1789 960 Dominus
1806 906 1994 975 derelinquere

308 987 433 1041 homiuem
459 987 562 1042 51555515
594 988 639 1044 551
667 989 750 1045 etism
781 989 876 1045 5155555
901 990 1047 1044 subtrahit
1090 989 1135 1046 Sic
1160 989 1263 1044 dicitur
1287 990 1330 1044 vel
1348 996 1480 1060 negstur:
1512 996 1533 1045 1.
1551 991 1713 1061 exponendo
1731 991 1845 1061 culpae,
1870 997 1902 1046 ut
1920 991 1993 1047 Pssl.

309 1081 442 1144 postqum
462 1072 531 1128 Saul
549 1074 712 1144 projecisset
730 1076 846 1131 verbnm
863 1074 988 1130 15115555
1007 1081 1042 1143 (1.
1060 1075 1133 1130 Ssm.
1163 1080 1210 1137 31,
1229 1093 1254 1128 5.
1274 1081 1320 1130 285
1346 1078 1412 1130 Non
1430 1077 1604 1145 derelinquet
1627 1086 1740 1132 sanctos
1765 1096 1847 1140 5555,
1874 1084 1897 1132 2.
1915 1093 1995 1147 expo·

311 1167 341 1228 15,
358 1177 382 1214 5.
402 1163 454 1225 25),
473 1163 589 1215 recessit
611 1162 738 1230 Spiritus
755 1163 880 1215 Jeltooas
899 1161 936 1214 sb
954 1177 987 1216 eo
1006 1163 1042 1230 (1.
1061 1161 1134 1217 Sum.
1159 1160 1251 1216 nendo
1268 1178 1383 1230 poenae,
1402 1162 1465 1217 Ess.
1484 1169 1526 1226 54,
1538 1180 1562 1216 5.
1576 1168 1606 1219 6:
1625 1164 1676 1217 Act
1686 1173 1821 1233 punctam
1840 1166 1870 1217 in
1886 1165 1995 1217 modico

312 1252 341 1314 rt,
358 1264 382 1302 5.
404 1252 454 1308 14).
492 1243 539 1300 Sic
557 1245 657 1300 Essise
676 1253 700 1301 5.
719 1246 877 1302 referuntur
896 1247 973 1301 55515
990 1245 1134 1312 beneficia,
1160 1247 1358 1315 dereliquite,
1387 1252 1410 1301 3.
1433 1264 1488 1301 555
1508 1249 1673 1318 apponendo
1690 1249 1808 1319 gruem
1825 1249 1870 1303 551
1887 1250 1995 1305 555555-

310 1348 368 1403 quse
383 1331 461 1387 Deus
486 1331 585 1386 515555
602 1349 682 1395 sune,
708 1332 739 1386 id
762 1332 967 1388 555555155155.
987 1332 1134 1402 praestitit.
1159 1331 1250 1386 hendo
1270 1348 1339 1396 eum,
1356 1332 1513 1399 11555155.
1532 1340 1557 1388 1:
1578 1334 1711 1396 11515555
1728 1337 1780 1388 iste
1798 1336 1868 1388 liter
1881 1336 1996 1404 repnelii

312 1419 374 1481 Quid
392 1419 562 1482 faciendum
587 1426 649 1470 erat
670 1418 765 1471 cineae
784 1435 875 1485 meos,
899 1426 924 1470 ct
944 1437 1001 1470 non
1022 1419 1082 1481 feci
1103 1419 1133 1469 in
1159 1418 1382 1480 matm'onestrae,
1396 1435 1480 1487 priam
1493 1420 1605 1484 (11555515
1625 1427 1649 1475 4.
1661 1421 1856 1491 suspendendo
1873 1420 1995 1492 flagella,

310 1506 353 1557 eat
377 1522 403 1557 5.
419 1510 444 1559 4.
480 1501 552 1557 Cum
577 1519 642 1557 vero
667 1502 729 1557 loco
746 1520 862 1557 5555555
880 1503 965 1558 ferret
981 1503 1134 1570 labruscas,
1159 1503 1257 1557 Ezecht
1280 1509 1318 1570 16,
1337 1521 1361 1557 v.
1382 1510 1430 1558 4²:
1452 1505 1635 1573 Requiescere
1645 1507 1760 1571 facicm
1778 1507 1852 1559 iram
1864 1524 1953 1560 meam
1965 1508 1994 1560 in

311 1589 366 1644 dixit
381 1589 471 1643 Deus:
492 1589 635 1642 removebo
654 1606 748 1658 sepem
766 1591 827 1657 ejas
844 1605 869 1642 5.
890 1598 912 1644 5.
944 1589 1054 1641 Ponam
1072 1605 1133 1640 eam
1159 1599 1202 1658 te,
1228 1598 1254 1642 et
1276 1592 1386 1642 recedet
1406 1591 1481 1643 551555
1500 1608 1574 1644 triens
1594 1609 1612 1643 a
1631 1599 1674 1656 te;
1699 1599 1724 1648 5
1742 1608 1847 1662 poenae
1865 1600 1995 1647 55555555

311 1675 578 1728 indesolationemet
591 1675 869 1742 mandabonnbidno,
888 1691 921 1727 ne
934 1675 1133 1744 plaontmper
1159 1674 1472 1740 5555155515,1.Ρ5551
1492 1681 1538 1740 28,
1558 1694 1583 1729 5.
1603 1684 1631 1733 o:
1662 1679 1696 1732 Si
1718 1679 1901 1797 dereliqueris
1925 1696 1995 1747 enm,

312 1778 360 1814 tam
373 1761 500 1830 pluviam
519 1779 545 1814 v.
565 1767 590 1816 6.
1157 1761 1293 1829 projiciet
1311 1769 1337 1813 te
1355 1762 1385 1813 in
1403 1769 1553 1816 aeternnm.

336 1854 373 1902 94.
406 1845 477 1900 Inde
492 1852 535 1900 est
550 1846 626 1917 quod
643 1844 759 1914 Suidss,
785 1843 959 1900 Phsvorinus
985 1851 1014 1901 55
1031 1845 1132 1898 Dame-
1194 1852 1235 1900 96.
1276 1845 1379 1910 Quinto
1406 1846 1547 1900 concurrit
1572 1846 1683 1901 Deus
1675 1866 1705 1900 m
1730 1847 1812 1901 melis
1838 1848 2027 1911 ectiouibuso‚
2042 1870 2105 1910 sm„

313 1947 372 1988 scen
389 1938 411 1986 2.
432 1930 503 1985 55511.
524 1930 633 1987 fideic.
653 1937 693 1987 31
714 1931 824 1985 dieunt:
850 1930 1001 2004 155ρό5555
1025 1938 1130 2000 γίνεται
1161 1932 1288 1984 Satanae
1321 1933 1472 1988 tradendo
1519 1931 1597 1986 Deus
1632 1931 1705 1986 enim
1737 1938 1871 2004 tanquam
1902 1933 2068 2012 justus32nd

314 2038 349 2070 ιιι
350 2016 541 2072 'fidestan
529 2035 559 2070 55
584 2018 676 2080 15515,
703 2018 771 2070 κατὰ
763 2017 901 2087 inomni
901 2034 971 2083 ιησιν
990 2037 1020 2069 m
1040 2017 1132 2069 malie
1154 2017 1242 2086 judex
1267 2015 1392 2072 homines
1421 2035 1438 2071 5
1460 2034 1490 2072 se
1507 2035 1617 2072 5555555
1635 2018 1747 2072 diabolo
1766 2026 1930 2099 tanquam
1921 2037 1995 2075 exse-

315 2102 451 2173 Theophyl.
469 2119 553 2172 super
571 2102 652 2159 Rom.
671 2102 1132 2158 (155155555555511515555515555-
1160 2103 1248 2157 cutori
1268 2103 1379 2158 51151555
1396 2103 1524 2173 justitiae
1543 2104 1636 2167 tradit,
1655 2122 1672 2159 5
1691 2122 1745 2175 quo
1758 2105 1882 2161 55155515
1893 2107 1998 2162 5551555

316 2188 398 2243 ionem
417 2188 544 2258 exemplo
563 2187 678 2256 medici,
709 2189 757 2259 qui
780 2196 894 2258 propter
919 2187 1133 2258 incorrigibilem
1159 2189 1346 2258 impelluntur.
1383 2187 1441 2256 Sic,
1469 2190 1543 2261 quod
1563 2190 1663 2244 Erech.
1694 2190 1739 2260 14,
1765 2209 1789 2245 5.
1810 2192 1921 2249 edicit
1940 2191 1997 2246 Do·

317 2274 402 2344 5555551
413 2274 685 2345 intemperantium
698 2275 842 2328 curatione
853 2274 962 2328 desistit
972 2290 1024 2328 nec
1041 2280 1133 2328 tamen
1160 2275 1265 2328 minus:
1294 2275 1439 2343 Propheta
1470 2293 1531 2328 cnm
1559 2278 1690 2330 seductas
1714 2279 1809 2344 faerit
1834 2287 1861 2331 55
1889 2278 1997 2333 lamnas

319 2362 393 2415 nortis
408 2368 451 2416 est
469 2378 563 2416 55555.
599 2360 741 2430 chrysost.
762 2361 833 2416 hom.
851 2361 887 2416 de
904 2361 1015 2416 Adsmo
1034 2365 1063 2413 et
1074 2360 1134 2412 Eva
1152 2360 1246 2425 fuerit
1258 2361 1387 2413 certain:
1408 2362 1472 2428 1155
1486 2362 1587 2414 cedreni
1598 2379 1668 2429 cnm,
1688 2362 1717 2416 id
1729 2362 1884 2433 explicetur
1893 2364 1994 2421 155555.

319 2447 385 2500 utitur
408 2448 591 2502 similitudine
615 2448 707 2517 ducis,
737 2447 786 2518 qui
809 2448 906 2503 5151555
925 2448 1026 2501 milites
1050 2452 1133 2500 teme·
1164 2451 1203 2512 14,
1228 2462 1253 2497 5.
1276 2452 1320 2501 ll:
1349 2446 1439 2499 Falso
1458 2447 1649 2501 vaticinantur
1670 2449 1700 2500 in
1716 2450 1828 2502 nomine
1845 2467 1919 2518 meo,
1941 2469 1998 2505 non

320 2533 373 2586 nrio
397 2550 467 2588 5555
490 2551 522 2588 55
544 2533 670 2587 hostibus
695 2533 832 2603 objicere,
860 2534 920 2588 abit
948 2540 977 2588 55
1001 2550 1031 2587 55
1053 2531 1133 2603 quasi
1161 2533 1224 2584 mici
1242 2550 1289 2585 555
1314 2549 1363 2585 555
1388 2533 1523 2600 praecepi
1548 2533 1588 2585 515
1609 2549 1659 2585 555
1678 2533 1787 2587 locutor
1806 2553 1867 2588 eam
1884 2539 1925 2589 ad
1942 2553 1997 2606 eos,

321 2617 443 2673 mbtrnhit.
458 2617 597 2674 Tbeodor.
610 2635 694 2690 super
715 2620 831 2675 111555
849 2619 963 2674 55151555
978 2619 1133 2688 exemplum
1159 2619 1345 2671 oedmtionem
1362 2619 1458 2671 cordis
1474 2619 1521 2670 soi
1535 2619 1714 2687 proplietam.
1745 2618 1889 2683 Quomodo
1903 2628 1997 2677 eutem

322 2704 467 2772 55555155,
494 2705 543 2775 qni
561 2703 689 2775 cymbam
715 2704 821 2775 absque
846 2713 951 2759 rectore
969 2703 1041 2758 ferre
1060 2703 1133 2756 sinit.
1159 2703 1236 2758 Deus
1265 2710 1397 2775 tanquam
1420 2704 1514 2773 justus
1541 2704 1635 2760 seduci
1661 2705 1818 2775 permittet,
1852 2708 1999 2778 exponitur

323 2789 419 2861 August.
444 2791 555 2846 515555.
576 2797 604 2845 ot
623 2797 694 2862 grat.
723 2808 746 2845 5.
764 2796 811 2846 23:
841 2793 920 2844 Dens
943 2791 1077 2844 neminem
1094 2791 1136 2843 551
1164 2788 1263 2858 ildeg.
1274 2795 1315 2854 22,
1333 2807 1358 2844 5.
1369 2796 1415 2843 21);
1434 2790 1518 2842 Dicit
1531 2790 1649 2857 Jelooa,
1669 2792 1731 2859 quis
1749 2792 1869 2860 decipiet
1879 2794 1999 2848 Achab!

324 2875 364 2927 ino
380 2878 466 2946 capit,
484 2880 535 2930 red
554 2879 660 2946 dioneos
674 2878 769 2931 deseri
787 2885 893 2930 5555555
911 2877 1023 2931 deserit
1057 2875 1135 2930 Idem
1159 2892 1184 2926 5.
1206 2882 1251 2930 21ι
1275 2877 1353 2928 Tunc
1371 2892 1497 2943 59555555
1516 2884 1556 2951 555
1576 2877 1715 2945 Spiritus,
1743 2877 1793 2946 qai
1809 2878 1884 2930 stetit
1903 2897 1998 2932 coram

323 2976 416 3017 15555.
434 2967 475 3018 88.
493 2961 529 3018 515
543 2968 675 3032 tempor:
703 2964 857 3031 Nunquam
869 2965 950 3016 Deae
967 2962 1135 3016 5155551515-
1159 2961 1270 3014 Jelooa
1288 2969 1314 3013 et
1332 2961 1389 3014 ait:
1405 2977 1456 3028 epo
1474 2962 1615 3029 decipiam
1627 2979 1706 3029 enm5
1723 2978 1750 3015 5.
1763 2968 1812 3017 22;
1832 2963 1997 3032 115585151-

322 3047 412 3115 m'mm,
434 3048 493 3102 5151
504 3049 589 3116 prins
607 3049 644 3101 od
661 3048 771 3101 lamine
790 3050 950 3114 deseratur,
973 3047 1072 3111 semel,
1095 3064 1135 3099 55-
1160 3056 1204 3100 555
1227 3047 1371 3099 mendacii
1395 3046 1425 3098 in
1447 3063 1496 3099 cre
1521 3047 1643 3100 omnium
1665 3048 1876 3117 prophetarum.
1914 3048 1999 3102 Dicit

322 3137 391 3188 555515
408 3143 434 3188 et
452 3135 536 3197 ¹tes-tio
553 3134 656 3202 oracio
670 3142 790 3202 peccata
808 3136 1005 3202 committente,
1029 3141 1056 3186 55
1074 3136 1134 3186 Do·
1159 3149 1226 3200 erpo
1238 3134 1328 3185 Deus.
1351 3132 1486 3200 Decipies
1504 3140 1530 3187 55
1541 3134 1731 3204 praevaletis,
1744 3142 1770 3188 et
1778 3137 1832 3200 sac
1846 3135 1896 3203 ita,
1914 3152 1942 3188 5.
1956 3139 1997 3190 23.

322 3219 376 3273 miro
392 3221 472 3274 111555
489 3220 671 3274 5111155155
688 3228 869 3289 exspectante.
892 3220 1022 3288 Fulgent.
1040 3218 1088 3273 lib.
1112 3226 1133 3273 1.
1159 3217 1221 3272 1155
1243 3217 1350 3272 rstione
1375 3216 1452 3272 dedit
1469 3216 1578 3272 lehovs
1596 3218 1730 3288 Spiritum
1747 3219 1885 3275 mendacii
1902 3219 1931 3274 in
1949 3238 1996 3276 ors

320 3304 456 3363 sdlionim
476 3323 499 3362 c
514 3309 558 3362 1³:
578 3305 660 3360 Jnne
678 3307 818 3361 deseritur
835 3324 854 3360 a
876 3307 949 3373 Deo,
967 3305 1017 3375 qni
1030 3305 1135 3358 deserit
1159 3303 1269 3357 illorum
1295 3302 1502 3375 prophetorum.
1538 3302 1585 3360 Sic
1609 3303 1684 3376 quod
1709 3311 1732 3360 2.
1756 3305 1830 3363 sim
1853 3311 1901 3375 24,
1924 3325 1949 3362 5.
1975 3313 1997 3364 1.

320 3394 398 3462 115555,
416 3394 523 3462 555515
535 3394 664 3445 5155555555
677 3395 770 3446 Deam
787 3393 868 3446 loma
877 3400 987 3461 peccat,
1004 3394 1135 3445 (15555555
1160 3388 1277 3443 dicitur:
1296 3390 1392 3443 Feror
1410 3391 1530 3443 Domini
1548 3391 1674 3444 incitavit
1688 3392 1837 3456 Doridem,
1856 3401 1887 3445 ut
1905 3410 1998 3447 nnme-

316 3488 470 3543 peccotorem
481 3480 564 3532 Dens
573 3478 717 3547 justitiam
728 3487 830 3531 servat.
852 3477 950 3548 Prosp.
962 3478 992 3532 15
1003 3495 1134 3548 respons:
1160 3483 1240 3528 roret
1251 3476 1400 3545 populum,
1418 3476 1447 3528 id
1467 3475 1622 3547 explicatur
1644 3483 1665 3532 1.
1677 3476 1771 3534 Purul.
1782 3483 1825 3546 21,
1837 3496 1863 3535 5.
1879 3484 1905 3533 l:
1926 3478 1996 3534 Gon·

322 3560 408 3619 Gratia
423 3566 485 3619 Dei
510 3566 592 3634 prins
617 3582 665 3617 sos
689 3582 745 3618 non
770 3565 907 3633 (15551515,
934 3582 1018 3633 queam
1041 3564 1078 3617 al
1094 3565 1135 3617 515
1160 3563 1280 3614 55555515
1300 3562 1392 3616 85555
1409 3570 1507 3615 contra
1525 3563 1620 3616 Israc'l
1638 3570 1664 3615 et
1682 3564 1810 3616 incitavit
1828 3565 1935 3618 Daosil.

318 3651 448 3706 15555551.
485 3650 590 3708 Macar.
610 3649 702 3705 homil.
720 3654 749 3706 d:
780 3651 858 3712 (luae
875 3652 1009 3719 dejiciam
1026 3668 1046 3703 a
1063 3652 1135 3718 Deo,
1195 3655 1237 3704 91.
1274 3646 1357 3703 Sexto
1380 3649 1519 3703 concurrit
1544 3649 1638 3703 115155
1662 3649 1867 3718 providentis
1859 3667 1888 3703 1n
1915 3650 2027 3710 5151155.
2042 3669 2114 3709 uses·

317 3736 345 3787 ol
360 3754 387 3792 eo
404 3740 578 3792 decommum
1160 3734 1317 3789 actionibus
1340 3742 1427 3787 metae
1446 3736 1653 3803 praeficiendo.
1691 3733 1779 3805 Scope
1798 3735 1871 3790 enim
1890 3735 1919 3790 in
1938 3720 2102 3812 515-Ἣ,

343 3827 376 3877 95.
408 3823 575 3878 1155555555.
596 3828 620 3877 2.
640 3821 711 3876 orth
729 3822 837 3878 fideic.
857 3828 898 3877 31.
919 3838 953 3876 ex
972 3821 1080 3877 Nemes.
1098 3821 1135 3876 de
1161 3821 1207 3875 dio
1232 3820 1385 3892 impietatis
1408 3837 1442 3875 uc
1466 3822 1601 3876 scelerum
1620 3839 1705 3877 cursu
1721 3827 1809 3877 metus
1829 3822 1953 3892 objicit
1946 3840 1995 3877 rm

266 3913 360 3978 ..555
375 3908 445 3965 hom.
465 3927 489 3964 c.
507 3907 651 3964 51551555
675 3908 817 3964 5555515515
837 3908 1000 3964 desertionis
1020 3907 1134 3977 species,
1159 3906 1221 3978 piis.
1256 3907 1368 3976 11558,
1385 3925 1410 3963 5.
1433 3914 1477 3964 10:
1504 3908 1665 3963 0555515555
1683 3910 1844 3977 consilium,
1864 3918 1891 3962 et
1911 3910 1993 3963 511551-
2079 3922 2082 3927 ’
2182 3941 2193 3956 .

259 3983 288 4027 ¹*
259 3992 415 4083 mollem
436 4001 520 4050 55555
542 3996 721 4065 οὶιιονομικὴν
739 4000 787 4048 551
806 3993 997 4062 amissuris,
1022 3994 1134 4061 5115555-
1156 3993 1288 4061 politur,
1313 3994 1463 4062 loquimini
1479 3996 1606 4063 verbam,
1631 4003 1657 4047 et
1675 4013 1731 4049 non
1748 3996 1833 4048 stabit
1842 3996 1934 4065 ‚qnia
1951 3997 1996 4049 515

259 4046 417 4137 mmmm
436 4091 463 4137 a
481 4083 698 4148 correctoriam,
716 4098 780 4137 cnm
799 4081 896 4136 salutis
914 4089 942 4136 55
959 4080 1135 4135 correctionis
1162 4079 1311 4134 Emonnel.
1346 4079 1547 4136 Pulcerrimnm
1571 4080 1655 4152 hujus
1677 4080 1718 4135 rei
1735 4082 1915 4152 exemplum'
1907 4099 1937 4136 m
1956 4081 1996 4135 hi-

310 4183 385 4222 osuss
416 4168 502 4239 inque
533 4168 645 4222 leudem
667 4167 785 4223 nominis
808 4167 852 4221 551
876 4167 1015 4222 interdum
1038 4165 1135 4221 fideles
1160 4165 1247 4220 storia
1262 4164 1338 4220 tobi.
1374 4165 1433 4221 Nec
1454 4165 1572 4222 8555555
1588 4184 1641 4222 555
1661 4168 1721 4236 ejus
1735 4184 1841 4238 orgsns
1851 4185 1995 4240 quippiam

308 4252 401 4308 deserit
424 4253 657 4325 quemadmodum
681 4252 808 4308 Christus
829 4269 859 4307 55
885 4252 1046 4307 derelictum
1069 4268 1134 4306 con·
1160 4252 1254 4306 domni
1279 4250 1361 4305 uobis
1386 4250 1487 4307 inferre
1514 4259 1644 4322 possunt,
1670 4252 1732 4307 Deo
1754 4253 1784 4306 id
1806 4270 1861 4307 non
1884 4254 1995 4324 permit

305 4338 423 4409 queritur
444 4338 548 4393 Psslm.
569 4345 619 4409 22,
640 4357 665 4393 5.
688 4346 715 4407 1;
740 4339 857 4394 niteram
880 4338 1005 4393 nominet
1029 4342 1134 4393 5515155
1160 4343 1244 4393 teuto.
1279 4337 1428 4407 Augustin.
1455 4337 1504 4395 lib.
1533 4343 1572 4393 11.
1599 4339 1634 4393 515
1658 4337 1728 4393 (155.
1752 4345 1782 4393 st
1803 4339 1874 4394 liter.
1899 4356 1922 4393 c.
1947 4346 1994 4395 ut:

303 4430 345 4478 sot
364 4423 584 4495 inoyroormio,
601 4441 665 4480 cum
681 4424 744 4479 Deo
760 4424 896 4488 55155555,
916 4440 987 4495 quse
1006 4424 1044 4477 sd
1060 4423 1134 4477 5515-
1164 4425 1303 4478 Tentandi
1329 4424 1499 4478 volontatem
1528 4425 1609 4478 dalet
1641 4424 1772 4478 5115151555
1810 4423 1892 4493 [51555
1919 4425 1995 4495 impii

302 4516 355 4566 tem
373 4516 446 4579 sunt,
465 4509 587 4566 iaciente
605 4509 801 4582 incorrigibilis
819 4517 848 4564 et
861 4508 1070 4565 immedicabilis
1090 4510 1135 4564 551
1160 4509 1287 4579 nocendi]
1311 4512 1363 4563 sed
1378 4527 1429 4563 nse
1444 4518 1475 4563 55
1491 4510 1597 4578 sanat,
1620 4526 1672 4563 nec
1688 4511 1825 4579 quosnodo
1842 4510 1996 4578 15515515

293 4581 459 4650 ’1555555115
477 4603 572 4650 munet
590 4594 671 4651 homo
685 4596 818 4667 justoque
837 4594 892 4650 Dei
906 4595 1014 4666 judicio
1033 4596 1133 4651 deseri-
1160 4596 1249 4665 ipsine
1263 4603 1401 4664 potestate
1417 4604 1466 4649 est.
1496 4594 1604 4650 Gerson
1626 4596 1661 4651 515
1678 4596 1782 4650 consol.
1794 4596 1890 4653 Theol.
1909 4598 1958 4654 lib.
1971 4605 1994 4653 3.

297 4690 344 4736 tur
361 4698 380 4735 5
392 4699 514 4753 superna
526 4682 627 4754 grstia,
646 4682 879 4754 quemadmodum
890 4681 1009 4752 Spiritus
1021 4681 1134 4737 Domini
1159 4698 1232 4751 pros.
1252 4687 1282 4737 t:
1302 4684 1389 4735 Tenet
1406 4684 1488 4735 Deus
1507 4683 1625 4750 tipasam
1642 4682 1749 4736 leonem
1766 4683 1944 4753 infernalem,
1961 4702 1995 4738 ne
2040 4748 2046 4758 .

295 4768 412 4823 recessit
430 4785 448 4822 5
466 4767 551 4823 Saule
582 4774 603 4823 1.
628 4768 701 4823 sim
720 4774 765 4837 16,
790 4785 815 4820 5.
840 4775 879 4824 14.
898 4784 959 4838 cop.
979 4773 1025 4837 28,
1048 4786 1072 4822 5.
1094 4774 1132 4824 15.
1154 4768 1254 4834 sarim
1279 4766 1412 4836 (furorem
1428 4784 1509 4822 suum
1526 4767 1556 4821 in
1574 4784 1624 4822 555
1642 4767 1796 4837 offundat),
1819 4772 1994 4838 55555155-

294 4854 374 4908 Elius
400 4851 523 4908 Cretens.
550 4859 696 4908 comment
719 4854 905 4909 1155515555
926 4858 995 4909 orat.
1021 4853 1133 4908 secund
1162 4855 1228 4907 dam
1256 4853 1344 4906 551155.
1379 4854 1486 4907 Auctor
1513 4853 1702 4908 continuitatis
1728 4854 1868 4909 discursum
1893 4852 1994 4909 Gallici

259 4957 281 4988 ι·
295 4940 333 4995 515
349 4938 424 4994 silio
442 4944 562 5038 quotuor
579 4940 675 4994 modos
693 4939 855 4995 (1555555515
873 4937 1031 5007 comtimit,
1053 4938 1134 5008 [inter
1159 4955 1187 5007 p
1216 4945 1239 4992 1
1270 4937 1561 5007 551555155585155
1593 4940 1672 4992 Dese
1700 4940 1841 4993 laminam
1869 4941 1993 5007 55155555

259 5011 369 5098 'quos
390 5026 446 5080 (155
469 5026 574 5096 priores
597 5025 673 5080 modi
695 5025 825 5081 ridentur
851 5023 944 5095 potius
973 5024 1009 5078 ad
1036 5041 1134 5078 555555
1160 5024 2008 5094 555555555555511551155155155555555555555551555

260 5111 394 5167 finales
412 5110 688 5182 5515555511]5515ι55
705 5111 743 5164 sit
765 5126 851 5164 55555
868 5109 1078 5180 explorationis,
1103 5116 1134 5164 ut
1154 5111 1242 5177 finam
1272 5118 1391 5178 practer
1427 5127 1534 5164 omnem
1568 5112 1800 5178 suspectationem
1827 5119 1991 5166 convertero.

259 5184 325 5263 ’515
341 5198 418 5252 Jobo
439 5205 469 5252 et
485 5196 624 5268 Josepho,
648 5213 703 5267 quo
726 5196 775 5250 1115
797 5204 931 5267 tanquam
953 5195 1134 5264 fortitudinis,
1160 5196 1288 5248 Festinat
1319 5213 1440 5262 onomon
1471 5195 1609 5249 debilitor
1636 5198 1730 5260 frctus
1756 5195 1931 5250 1115555555
1954 5202 1996 5252 ad

292 5285 341 5339 hic
361 5282 497 5339 5555155515
520 5283 651 5338 columna
669 5282 762 5352 fieret,
782 5284 853 5337 51555
870 5283 908 5337 551
925 5281 1134 5352 castigationem
1159 5281 1259 5334 1555555
1287 5288 1313 5333 ct
1343 5289 1482 5335 momema
1508 5298 1576 5350 ena,
1609 5298 1681 5349 qnae
1711 5282 1737 5334 ei
1766 5282 1856 5349 5115155
1886 5302 1994 5340 monere

291 5375 459 5441 paternum,
484 5375 517 5423 55
534 5369 564 5423 15
581 5368 722 5440 apostolo,
750 5384 805 5439 quo
824 5374 912 5422 semet
929 5368 1022 5437 ipsum
1037 5367 1134 5423 demit·
1160 5365 1301 5433 lorotoyii
1323 5366 1458 5433 mapsstm
1475 5366 1564 5419 ninam
1583 5374 1630 5431 est,
1648 5367 1678 5419 in
1695 5366 1815 5421 51555555
1833 5369 1993 5423 515551155-

291 5456 382 5510 tendo
399 5460 428 5511 55
444 5454 615 5509 humiliando
632 5470 767 5509 summum
785 5454 862 5508 111515
884 5455 1004 5525 35551555
1026 5470 1133 5509 555555·
1158 5452 1324 5505 tremitatem
1344 5452 1506 5505 inclinatur.

293 5548 389 5609 met,
418 5540 518 5597 tertius
537 5556 588 5609 per
609 5540 794 5609 5555515555,
821 5539 884 5594 55
876 5538 1051 5607 5515515515,
1078 5556 1134 5610 quo
1192 5543 1233 5593 98.
1247 5535 1370 5607 Septimo
1378 5536 2025 5598 concurrrtDeusmmslrssctrombusbonnmt
2039 5558 2102 5596 nom
2073 5568 2126 5597 mm

291 5624 456 5696 compuncti
482 5625 520 5678 sd
548 5623 711 5695 patientium
738 5625 923 5681 1555555555.
966 5625 1058 5695 Supra
1083 5624 1134 5678 hos
1160 5640 1194 5677 55
1210 5624 1271 5676 iltis
1289 5624 1434 5679 elidendo
1464 5623 1666 5679 Pulcerrimum
1678 5622 1762 5696 hujus
1782 5643 1824 5681 reu
1815 5626 1992 5726 'exemplum
2006 5608 2130 5699 {figam

291 5727 392 5768 omues
413 5716 502 5768 restet
525 5709 625 5765 modus
647 5710 697 5766 ille
719 5710 914 5768 desertionis'
906 5728 937 5763 ur
960 5709 1134 5765 administra·
1160 5709 1224 5765 1155
1251 5715 1347 5777 10,5
1373 5715 1404 5764 5
1430 5709 1994 5782 Amnestoispafwon'smei,dicot
