5017 6675
451 622 511 695 iil
1131 625 1254 689 Iocus
1275 624 1452 690 octavus

449 781 682 855 emesenorum,
706 784 755 842 sed
778 785 853 858 quod
877 785 1001 842 addimr:
1036 793 1061 844 t.
1086 785 1220 860 sufficere
1241 785 1277 841 ad
1302 786 1398 855 prium
1430 786 1576 842 mminum
1604 786 1753 841 intrinsece
1787 784 1906 853 uuinpat
1941 789 1968 839 et
1998 783 2142 841 materias

448 869 614 926 trahendum
640 889 673 927 ex
701 871 810 927 Adamo
836 879 995 944 peccatum,
1022 875 1096 945 quod
1124 875 1217 930 anima
1242 873 1278 928 sit
1303 873 1400 942 aniat,·
1420 874 1447 927 si
1463 871 1665 939 solesDEUS
1682 871 1806 925 animam
1824 879 1902 925 creot
1918 878 2002 942 utque
2021 869 2143 942 corpori

449 973 514 1027 para
542 957 673 1027 hominis,
702 959 750 1031 qui
778 975 812 1014 ex
837 959 947 1015 Adamo
974 960 1104 1030 trdritur,
1136 977 1278 1033 nunquam
1303 959 1379 1029 unit,
1405 967 1535 1030 seqssetrsr
1556 960 1724 1014 stemma
1746 958 1860 1023 lorum,
1886 959 1931 1013 cel
1955 960 2033 1028 quood
2054 957 2140 1012 horno

448 1043 560 1113 probari
585 1045 698 1114 poterit,
734 1045 800 1116 qnia
830 1061 939 1117 semper
961 1054 1055 1104 manet
1077 1048 1172 1102 vivida
1194 1053 1279 1119 atque
1303 1046 1382 1100 seeo
1402 1046 1521 1116 proprie
1546 1046 1650 1100 dicitur
1672 1044 1807 1098 hominem
1833 1043 1961 1113 pipam,
1989 1044 2034 1098 cel
2060 1044 2143 1114 quod

449 1134 550 1200 vegeta
573 1128 622 1184 illa
644 1128 807 1194 difficultas,
830 1148 915 1202 quare
938 1131 1016 1188 Deus
1037 1133 1156 1188 animam
1180 1149 1278 1204 puram
1303 1132 1427 1186 humano
1449 1133 1593 1202 pancratio
1621 1147 1683 1186 cum
1704 1130 1826 1185 attens
1850 1129 1997 1185 oismuum
2020 1145 2140 1198 panera-

450 1229 514 1268 cum
533 1214 639 1286 impuro
656 1232 770 1287 corpore
788 1220 953 1292 conjungat,
977 1236 1010 1274 ac
1034 1225 1142 1291 partem
1160 1218 1279 1274 hominis
1303 1218 1378 1272 tione
1394 1236 1450 1272 non
1468 1219 1612 1273 conveniat
1628 1218 1749 1272 univoce
1783 1216 1897 1273 Deinde
1921 1217 1950 1269 si
1975 1215 2140 1286 dispositio·

452 1299 545 1369 ficiat,
568 1300 703 1372 quomodo
720 1302 814 1358 anima
830 1303 859 1359 in
878 1304 927 1359 illa
943 1306 986 1360 sui
1002 1323 1064 1361 cum
1082 1321 1196 1377 corpore
1214 1321 1278 1359 con·
1303 1320 1352 1358 nes
1368 1312 1399 1357 at
1416 1306 1576 1372 generantis
1594 1305 1777 1358 instrumenta
1794 1303 1886 1373 ipsum
1904 1303 2040 1356 actionem
2057 1317 2141 1372 pene-

447 1386 590 1456 junctione
619 1388 773 1457 polluatur,
803 1380 830 1444 ct
861 1392 998 1462 quomodo
1024 1409 1124 1462 corpus
1151 1391 1279 1455 hominis,
1303 1392 1393 1444 randi
1413 1409 1469 1446 non
1489 1387 1587 1459 edant,
1614 1392 1667 1445 sed
1688 1389 1843 1444 inserviant
1860 1390 1997 1442 duntuaut
2013 1389 2057 1442 ud
2072 1388 2140 1443 recl

453 1472 529 1545 quod
547 1473 679 1528 materiae
701 1475 791 1530 vicem
808 1476 927 1546 obtinet,
952 1483 1059 1550 partem
1077 1477 1194 1534 hominis
1211 1476 1279 1532 alte·
1305 1478 1428 1532 desdam
1455 1478 1602 1532 materiam
1632 1476 1829 1546 suscipiendae
1857 1475 1969 1538 immae
1997 1476 2140 1544 idoneam,

451 1577 522 1627 ram,
557 1559 686 1616 videlicet
720 1563 854 1633 animam,
890 1581 962 1636 quae
989 1565 1093 1620 formae
1130 1563 1280 1620 eminentia
1302 1568 1431 1633 profecto
1468 1571 1499 1617 at
1532 1564 1606 1618 tales
1643 1561 1840 1632 duposumnss
1874 1578 1930 1616 non
1967 1567 2142 1615 consumuat

448 1645 587 1717 iungitur,
618 1646 648 1700 in
674 1663 741 1702 suae
766 1651 948 1721 corruptionis
974 1652 1141 1706 consortium
1166 1648 1279 1706 trahat?
1305 1652 1393 1706 actim
1399 1692 1408 1720 ,
1434 1653 1486 1705 sed
1507 1651 1608 1705 labent
1633 1667 1662 1705 se
1690 1666 1724 1703 ec
1738 1657 1826 1720 parte
1844 1647 1993 1712 materiam
2020 1647 2063 1703 ita
2086 1663 2141 1702 nee

450 1737 474 1786 5.
488 1729 573 1804 'quod
595 1731 677 1788 homo
702 1734 879 1791 nihilominus
899 1753 963 1792 rere
986 1743 1013 1792 ct
1029 1737 1140 1809 proprie
1157 1741 1280 1809 generet,
1305 1755 1443 1807 penes-uns
1461 1739 1570 1793 dicetur
1581 1753 1637 1808 per
1653 1735 1802 1790 easaetioe
1815 1749 1988 1796 concurrere,
2000 1733 2139 1803 proinde·

449 1815 537 1872 sivcl
555 1818 674 1873 maxime
691 1819 784 1875 anima
802 1826 926 1886 creatur,
952 1821 1103 1878 difficulter
1121 1823 1202 1878 nobis
1220 1839 1281 1893 per·
1306 1842 1359 1894 que
1383 1841 1433 1878 neo
1459 1824 1557 1878 merito
1580 1823 1697 1878 illarum
1718 1821 1855 1875 amendes
1879 1820 1932 1873 erit
1955 1820 2035 1875 homo
2057 1836 2139 1889 pase·

449 1902 559 1957 suaderi
576 1910 681 1974 potest;
699 1908 841 1977 generatio
861 1913 904 1963 est
921 1908 1023 1979 speciei
1039 1909 1211 1980 propagatio,
1228 1906 1281 1962 hoc
1305 1927 1381 1981 rare,
1402 1927 1463 1964 cam
1480 1925 1615 1979 penerare
1631 1909 1669 1963 sit
1686 1923 1778 1976 opere.
1803 1905 1881 1962 Haec
1892 1904 2139 1976 conimbricenses,

433 2035 436 2042 .
450 1995 499 2056 cst,
514 1989 627 2045 alterim
645 1993 798 2047 secundum
815 1994 936 2064 speciem
948 1994 1003 2049 sibi
1013 1994 1109 2049 similis
1120 1993 1281 2065 productim
1307 2012 1370 2052 cum
1388 1995 1488 2068 quibus
1502 1995 1638 2067 uanugat
1651 1993 1844 2056 Bellarminus‚
1862 1991 1910 2063 qui
1926 1991 2031 2056 statuit,
2045 1991 2140 2062 dispo·

368 2098 376 2113 =
446 2075 505 2145 jam
522 2091 588 2129 vero
613 2093 712 2148 cerpus
735 2079 855 2134 inanime
879 2085 908 2136 et
932 2079 1014 2134 homo
1032 2081 1170 2135 mimatae
1189 2080 1282 2151 specie
1307 2082 1434 2139 sitionem
1459 2081 1589 2137 materiae
1614 2080 1763 2153 usquead
1787 2077 1983 2134 animationem
2005 2092 2067 2134 essa
2082 2076 2139 2132 for-

451 2158 590 2216 differunt
626 2161 701 2234 Ergo
721 2164 745 2218 si
761 2180 862 2235 corpus
879 2164 1000 2221 inanime
1017 2170 1126 2222 tantum
1139 2182 1173 2221 ex
1184 2183 1282 2237 paren·
1307 2167 1378 2226 malo
1395 2166 1589 2240 generationis.

437 2244 527 2300 'tibus
550 2246 682 2318 trahitur,
706 2267 760 2306 non
782 2255 825 2304 est
844 2267 911 2305 vera
927 2257 955 2307 et
972 2251 1083 2321 proprie
1101 2251 1177 2306 dicta
1195 2251 1282 2308 homi·

450 2329 494 2385 nis
512 2349 545 2387 ex
563 2331 673 2390 homine
689 2334 842 2405 productio.
879 2338 931 2405 At,
949 2336 1054 2408 inquis,
1072 2336 1152 2392 homo
1166 2355 1220 2408 per
1230 2355 1283 2408 pe·

450 2418 622 2472 necationem
647 2421 793 2475 maumam
811 2422 854 2475 ita
871 2423 1010 2492 dupomt,
1035 2430 1065 2476 ut
1087 2423 1282 2491 infallibiliter

450 2502 547 2555 anima
566 2513 763 2575 consequatur,
785 2507 908 2575 proinde
925 2507 985 2577 ipse
1005 2515 1059 2578 est‘,
1085 2509 1136 2578 qui
1156 2511 1282 2564 animam

451 2604 513 2641 eam
525 2605 610 2644 corne
622 2593 774 2661 conjanpit.
795 2582 1017 2663 Respondemus:
1035 2595 1211 2666 praeparatio
1225 2612 1282 2650 ma·
1576 2593 1598 2655 (l
1615 2594 1645 2654 Δ
1660 2592 1685 2655 P
1701 2590 1772 2652 UT
1807 2590 1869 2652 IX.
1912 2614 1917 2621 ’

450 2673 536 2730 terias
561 2676 598 2730 ad
621 2676 727 2732 formae
751 2677 980 2734 introductionem
1005 2680 1128 2734 nondum
1152 2686 1194 2735 est
1217 2698 1283 2737 vera

450 2761 636 2832 regeneras,
668 2763 716 2818 „d
746 2763 850 2820 sm„
876 2780 912 2819 θ,
938 2765 1055 2820 mm,
1087 2765 1124 2820 ,s
1155 2766 1282 2822 ,mmm
1308 2733 1373 2799 uu
1410 2730 1696 2800 Amusicus
1726 2728 1972 2798 insonus
2003 2728 2140 2795 u1v1-

450 2846 667 2916 praeparationis
699 2850 817 2921 gradum
845 2851 997 2920 productae
1021 2852 1149 2922 emersi03
1182 2853 1282 2925 quodsi
1376 2835 1477 2902 ΝΑΕ
1512 2835 1610 2900 PER
1643 2832 1850 2900 LAPSUM
1884 2831 2066 2900 PROTO·

450 2930 550 2989 DEUS
576 2935 695 2990 creando
717 2935 835 3007 inspirat
857 2937 992 3007 ammam,
1017 2937 1113 3009 utique
1129 2955 1184 2994 non
1200 2938 1282 2994 homo
1598 2938 1624 3004 P
1631 2934 1845 3005 LASTON.

451 3017 572 3072 animam
589 3037 652 3074 cum
671 3037 753 3078 carne
769 3022 928 3094 conjungit,
953 3024 1044 3093 posita
1060 3023 1208 3081 sufficienti
1225 3043 1281 3081 ma·

449 3103 536 3159 terias
565 3107 776 3176 praeparatione
804 3115 898 3179 posset
922 3108 1024 3166 DEUS
1053 3127 1110 3165 nou
1136 3110 1282 3168 infundere
1344 3111 1401 3163 129.
1436 3104 1531 3178 Atque
1553 3104 1622 3160 haec
1643 3105 1720 3160 dicta
1744 3104 1799 3159 sint
1816 3103 1852 3160 de
1868 3103 1988 3176 imagine
2003 3101 2073 3171 Dei,
2096 3101 2134 3156 ad
2149 3106 2253 3208 iffi«

451 3189 580 3258 animam,
600 3208 663 3247 cum
679 3193 748 3247 nihil
765 3194 989 3250 contradictionis
1006 3194 1058 3250 hoe
1075 3195 1211 3265 involvat,
1228 3196 1281 3252 uti·
1308 3209 1391 3265 quam
1417 3193 1522 3264 primus
1545 3191 1627 3247 homo
1649 3192 1777 3247 conditus
1795 3196 1851 3261 est,
1873 3194 1959 3247 restat
1975 3187 2138 3244 excutienda
2151 3209 2244 3259 mm.

451 3292 506 3348 que
533 3293 599 3350 ergo
626 3279 756 3335 materiae
784 3280 957 3352 praeparatio
978 3298 1035 3360 nou
1059 3287 1102 3337 est
1126 3282 1283 3355 adaequata
1307 3279 1445 3353 quaestio,
1471 3297 1509 3333 on
1526 3280 1620 3349 imopo
1637 3281 1719 3333 DEI
1733 3279 1763 3332 in
1783 3278 1892 3333 homine
1905 3293 1960 3349 per
1976 3277 2086 3348 kpsum
2102 3276 2139 3329 sit
2152 3261 2260 3356 Ἥ

452 3377 536 3418 causa
561 3364 640 3418 istim
663 3365 878 3437 conjunctionis,
904 3367 953 3422 sed
980 3367 1127 3439 peculiaris
1153 3368 1203 3423 illa
1228 3369 1282 3425 Dei
1308 3368 1433 3441 amasa}
1459 3365 1681 3438 Respondemus:
1704 3371 1725 3421 1.
1745 3364 1774 3421 si
1795 3364 1890 3420 divina
1905 3363 1997 3437 imago
2015 3368 2139 3418 mmatur

453 3448 541 3517 actio,
564 3449 693 3506 videlicet
713 3452 826 3510 creatio.
863 3457 887 3507 6.
909 3453 990 3520 Quod
1009 3452 1116 3509 besuae
1132 3455 1209 3509 nullo
1227 3454 1282 3509 alio
1308 3469 1358 3525 pro
1376 3454 1437 3524 ipsa
1457 3452 1576 3508 essentia
1593 3451 1716 3522 ammae,
1741 3468 1792 3523 pro
1811 3450 1967 3537 intellectu,
1988 3450 2139 3519 voluntate

453 3535 535 3590 modo
552 3541 693 3607 generent,
711 3553 794 3609 quam
811 3538 886 3610 quod
904 3539 1045 3595 materiam
1065 3557 1153 3611 usquc
1170 3540 1207 3595 ad
1224 3539 1282 3595 ani·
1308 3546 1336 3596 et
1353 3539 1466 3611 reliquis
1483 3538 1601 3609 viribus,
1627 3539 1775 3594 dicendum
1793 3554 1849 3592 non
1868 3542 1925 3603 est,
1952 3552 2013 3593 eam
2031 3552 2082 3607 per
2099 3536 2139 3591 ls-

453 3621 603 3677 mationem
627 3623 785 3694 disponant,
810 3625 898 3695 gratis
925 3624 1042 3695 dicitur,
1068 3626 1134 3697 quia
1157 3626 1283 3698 quamvis
1307 3645 1388 3699 psum
1400 3624 1523 3698 periisse,
1541 3625 1676 3697 siqnidem
1693 3623 1785 3697 quoad
1797 3624 1943 3679 essenflam
1955 3622 2053 3678 eadem
2063 3638 2139 3678 mau-

452 3707 614 3778 quotidiano
632 3710 763 3783 loquendi
779 3728 845 3780 usu,
867 3727 934 3767 voce
950 3712 1135 3783 generationis
1153 3714 1283 3783 praeviae
1309 3714 1345 3768 sit
1360 3713 1452 3768 anima
1467 3711 1548 3766 Adae
1565 3717 1628 3781 post
1645 3711 1761 3782 lapsum,
1779 3726 1852 3782 quae
1867 3708 1921 3765 fuit
1939 3714 2006 3765 ante
2020 3708 2138 3779 lapsum.

453 3791 628 3849 alterationes
648 3795 730 3850 simul
748 3797 934 3865 involvantur,
957 3804 1050 3853 tamen
1067 3799 1192 3868 praecise
1208 3799 1282 3853 acci·
1309 3804 1333 3854 t.
1351 3798 1382 3854 si
1399 3797 1491 3869 imago
1507 3794 1574 3851 DEI
1591 3796 1728 3868 accipitur
1743 3813 1793 3867 pro
1806 3794 1927 3865 generali
1939 3794 2061 3867 quadam
2074 3809 2140 3849 con·

452 3877 528 3948 pitur
552 3897 601 3949 pro
631 3880 718 3951 ipsius
740 3882 882 3952 compositi
908 3883 1101 3954 productione,
1127 3901 1197 3957 quae
1218 3901 1282 3940 con-
1308 3884 1438 3957 mentia
1455 3889 1484 3939 et
1501 3882 1651 3953 ἀναλογίᾳ,
1679 3899 1735 3956 qua
1754 3882 1847 3936 anima
1868 3880 1985 3937 hominis
2002 3880 2140 3952 quaedam

453 3961 527 4017 sistit
543 3964 572 4017 in
590 3964 650 4035 ipsa
667 3964 857 4021 substantialis
879 3966 982 4023 formae
1001 3986 1034 4023 ex
1054 3970 1178 4040 potentia
1196 3978 1281 4026 mate·
1309 3971 1341 4025 ni
1374 3978 1437 4025 tete
1468 3970 1612 4041 exprimit,
1645 3974 1677 4023 ut
1707 3968 1782 4041 quod
1812 3968 1937 4025 umbram
1967 3966 2090 4022 ostendit
2116 3984 2140 4024 s.

453 4047 510 4103 riae
536 4051 688 4107 emersione
714 4056 743 4106 et
765 4052 794 4106 in
817 4052 978 4108 indivisibili
1001 4071 1109 4126 semper
1126 4055 1282 4127 perficitur3
1308 4057 1448 4124 trinitatis,
1468 4056 1543 4127 quod
1561 4055 1720 4125 incorporea
1739 4059 1788 4123 est,
1807 4051 1965 4124 spiritualis,
1981 4052 2140 4124 intelligens

454 4133 528 4188 unde
547 4134 783 4192 Conimbricenses
803 4143 825 4193 1.
844 4139 879 4194 de
896 4145 1018 4210 generat.
1037 4148 1065 4196 et
1082 4147 1202 4211 corrupt.
1221 4159 1245 4197 c.
1259 4148 1281 4198 t.
1309 4148 1336 4198 et
1355 4142 1458 4197 liberae
1471 4141 1621 4196 voluntatis
1637 4141 1666 4194 in
1679 4140 1762 4197 rebus
1776 4157 1843 4196 suae
1854 4138 1985 4210 potestati
1997 4137 2152 4209 subjecta,

453 4228 557 4291 quaest
585 4227 623 4279 lt.
650 4228 701 4280 art.
726 4229 751 4281 2.
779 4225 960 4295 concludunt,
991 4227 1196 4298 generationem
1224 4246 1283 4284 esse
1308 4228 1403 4283 itidem
1422 4227 1569 4281 dicendum
1587 4234 1717 4293 nonest,
1744 4242 1804 4281 eam
1824 4226 1997 4297 perlapsum
2014 4225 2140 4296 periisse,

453 4310 589 4364 actionem
608 4316 838 4379 momentaneam,
862 4328 926 4366 cum
942 4313 1045 4368 formae
1063 4313 1231 4369 introductio
1248 4315 1284 4369 sit
1309 4314 1445 4387 siquidem
1462 4313 1531 4369 hacc
1550 4313 1642 4367 omnia
1660 4312 1916 4367 animadvertuntur
1933 4312 1962 4365 iu
1980 4311 2073 4369 anima
2091 4310 2140 4365 ho·
2234 4308 2240 4313 ’

453 4401 658 4464 nomentanam
689 4396 762 4451 unde
784 4397 868 4453 etiam
888 4404 995 4469 quaest
1016 4404 1055 4454 13.
1074 4405 1125 4453 art.
1147 4405 1170 4455 2.
1188 4407 1285 4455 contra
1309 4400 1390 4455 minis
1411 4406 1474 4470 post
1497 4398 1613 4469 lapsum.
1649 4403 1672 4454 3.
1697 4398 1727 4455 Si
1750 4398 1886 4468 accipitur
1907 4396 2001 4470 imago
2017 4396 2071 4452 Dei
2088 4413 2141 4467 pro
2250 4420 2260 4430 ·

415 4538 422 4559 Ι
452 4479 601 4549 Thomam,
620 4482 745 4551 Scotum,
763 4483 946 4554 Richardum,
963 4482 1146 4555 Abulenscm,
1164 4485 1283 4557 Capreo·
1310 4486 1429 4542 dominio
1447 4485 1476 4538 in
1493 4493 1632 4539 creaturas
1650 4484 1782 4555 reliquas,
1801 4482 1962 4553 praesertim
1979 4482 2141 4552 ammanu'a

452 4566 509 4621 lum
534 4574 585 4622 etc.
611 4575 736 4623 statuunt
755 4570 792 4624 ad
810 4570 973 4625 salvandum
990 4571 1148 4626 Aristotelis
1164 4590 1283 4643 pronun·
1309 4574 1339 4627 in
1362 4574 1422 4644 quo'
1440 4572 1572 4643 decripsit
1588 4569 1680 4641 imago
1697 4568 1750 4624 Dei
1769 4569 1907 4637 consistit,
1933 4567 2029 4623 itidem
2046 4568 2141 4625 diceu-

452 4652 564 4721 tiatum,
584 4654 658 4725 quod
676 4653 758 4710 homo
775 4654 913 4711 hominem
931 4662 1058 4727 generet,
1075 4675 1131 4713 uon
1148 4657 1282 4728 sufficere,
1310 4658 1375 4712 dum
1399 4674 1453 4712 non
1477 4662 1533 4725 est,
1558 4655 1610 4710 hcc
1633 4672 1715 4710 sensu
1732 4662 1760 4710 et
1777 4662 1903 4726 respectu
1920 4654 2067 4726 imaginem
2085 4653 2143 4711 Dei

454 4739 527 4809 quod
548 4739 614 4794 satis
631 4747 810 4811 praeparetur
826 4742 862 4797 ab
882 4758 915 4797 eo
931 4742 1059 4811 materia,
1080 4743 1107 4797 in
1125 4761 1217 4816 quam,
1234 4744 1283 4799 ubi
1309 4743 1419 4815 penitus
1431 4742 1558 4815 periisse,
1575 4742 1627 4797 etsi
1637 4741 1710 4797 enim
1721 4741 1771 4796 illa
1787 4739 1895 4811 imperii
1911 4739 2032 4812 dignitas
2043 4741 2142 4797 multis

1621 2390 1829 2404 ——

455 4826 577 4896 perfecte
603 4825 737 4897 disposita
760 4833 816 4894 est,
838 4826 938 4884 DEUS
959 4829 1076 4883 animam
1094 4830 1223 4885 infundat
1249 4848 1283 4886 ac
1309 4830 1397 4886 modis
1415 4829 1551 4883 diminuta
1568 4834 1596 4884 et
1612 4827 1781 4882 labefactata
1796 4834 1850 4891 eet,
1871 4834 1962 4882 tamen
1979 4826 2074 4898 aliqua
2090 4827 2142 4882 ad·

453 4914 561 4983 corpori
586 4914 680 4968 uniat:
709 4915 762 4967 sed
783 4914 851 4967 dori
868 4915 898 4967 in
916 4917 1095 4983 peneratione
1110 4917 1232 4971 tamena
1251 4934 1284 4972 ea
1309 4917 1363 4971 huc
1381 4917 1441 4986 ejus
1459 4918 1607 4986 supersunt
1623 4913 1749 4985 vestigia.
1785 4920 1809 4968 t.
1829 4913 1859 4969 Si
1876 4913 1968 4984 imago
1985 4912 2081 4968 divina
2095 4930 2143 4969 ac·

450 5007 535 5067 porte
559 5001 678 5055 hominis
697 5002 859 5069 promentis
884 5002 1021 5055 actionem
1046 5004 1224 5056 terrainatcm
1241 5003 1283 5057 in·
1311 5002 1413 5073 cipitur
1429 5017 1479 5072 pro
1498 4999 1640 5071 principiis
1659 4998 1802 5053 nobiscum
1820 4999 1909 5067 natis,
1928 5015 2000 5069 quae
2016 5006 2082 5055 suat
2100 5004 2143 5054 te-

372 5139 375 5145 ,
454 5083 570 5138 trinseoe
588 5090 628 5140 od
646 5088 771 5141 animam
788 5087 970 5151 rationalem,
993 5106 1047 5141 non
1071 5091 1223 5142 secundom
1245 5107 1284 5159 se,
1311 5106 1379 5144 nues
1401 5087 1538 5159 quaedam
1560 5086 1693 5157 reliquiae
1716 5085 1844 5157 imaginis
1870 5085 1980 5155 dianae
1997 5086 2027 5139 in
2046 5091 2143 5142 menta

455 5177 486 5222 at
507 5171 631 5225 absolate
655 5174 759 5244 occipit
781 5190 850 5242 esee,
875 5174 932 5226 sice
955 5180 986 5226 ut
1003 5182 1043 5228 est
1061 5176 1207 5241 creabilis,
1234 5180 1285 5230 sed
1312 5181 1339 5230 et
1363 5173 1504 5227 volentate
1525 5172 1656 5241 hominis,
1681 5175 1709 5226 et
1733 5172 1809 5226 velut
1834 5172 1934 5227 rudera
1960 5171 2143 5242 pulcherrimi

456 5263 589 5325 maleam
613 5261 718 5329 aceepit
745 5278 803 5314 esse
826 5262 856 5314 in
880 5260 999 5312 materia
1022 5268 1047 5313 et
1071 5278 1132 5315 cam
1150 5278 1183 5314 ea
1203 5279 1285 5330 copa-
1311 5258 1441 5328 aedificii,
1467 5258 1587 5314 fatemur
1604 5258 1700 5313 itidem
1717 5257 1866 5329 imaginem
1882 5257 1936 5313 Dei
1954 5274 2010 5312 nou
2027 5273 2144 5316 essem

457 5341 548 5408 latur,
579 5342 635 5395 sies
660 5354 747 5413 prout
774 5345 814 5399 eit
836 5346 952 5415 corpori
972 5346 1095 5399 anilitas.
1138 5345 1287 5403 Profernnt
1311 5351 1408 5418 spectu
1437 5344 1535 5400 harum
1562 5343 1782 5400 tenuissimarum
1807 5343 2004 5414 particularum
2031 5342 2146 5414 penitus

343 5433 442 5479 tutat.
456 5432 548 5481 autem
576 5425 627 5481 hoc
655 5437 855 5500 argumentum.
893 5430 961 5484 Gom
983 5432 1127 5499 penerotio
1152 5434 1286 5488 consulat
1312 5432 1454 5498 amissam,
1481 5448 1545 5486 cum
1569 5430 1660 5486 adhuc
1679 5445 1749 5502 opus
1768 5430 1839 5502 legis
1857 5429 1992 5500 scriptum
2008 5429 2037 5484 in
2053 5431 2146 5486 cordi·
2244 5444 2247 5447 ·

456 5513 486 5567 in
505 5512 621 5579 actim,
645 5530 701 5582 qua
711 5516 813 5580 forma
831 5517 967 5571 malmico
985 5517 1147 5586 copulatas,
1171 5536 1285 5589 eamque
1311 5521 1364 5575 bus
1382 5518 1465 5574 etiam
1482 5534 1538 5572 non
1554 5523 1717 5573 renatorum.
1745 5523 1769 5571 t.
1784 5514 1839 5572 seu
1857 5515 1880 5569 si
1889 5515 1972 5587 juxta
1985 5515 2146 5588 Scripturas

455 5600 551 5653 anima
572 5598 691 5653 rationis
712 5602 853 5672 particeps
875 5604 912 5656 sit
934 5603 1070 5669 formalis
1094 5606 1238 5673 terminos,
1266 5624 1284 5659 a
1312 5604 1522 5676 explicationem
1549 5610 1578 5659 et
1601 5602 1854 5659 determinationem
1877 5601 1970 5675 imago
1993 5602 2048 5659 Dei
2071 5604 2147 5659 acci·

455 5703 509 5755 que
527 5686 650 5738 iamenu
666 5687 810 5754 penerotio
829 5689 1081 5758 speeiemsortitur,
1100 5707 1156 5743 non
1167 5691 1285 5760 uidetur,
1311 5691 1405 5763 piatur
1427 5708 1477 5762 pro
1492 5688 1602 5762 justitia
1627 5696 1655 5745 et
1672 5689 1819 5745 sanctitate
1836 5689 1885 5744 illa
1901 5706 1980 5759 vera,
2005 5690 2156 5762 adquam

455 5773 593 5840 mwmodo
616 5770 684 5824 tulis
704 5772 847 5839 generatio
864 5781 992 5827 constare
1009 5782 1106 5844 queat,
1129 5775 1188 5828 nisi
1203 5776 1286 5830 detor
1311 5778 1394 5833 homo
1419 5776 1561 5846 conditus,
1586 5793 1637 5848 pro
1659 5779 1806 5831 concreata
1829 5775 1879 5831 illa
1900 5775 2022 5832 omnium
2043 5776 2146 5833 virium

454 5859 536 5923 nmio,
554 5872 626 5928 qaas
641 5857 720 5912 eirca
739 5856 863 5912 mmmm
878 5867 1013 5926 mesenes,
1030 5875 1144 5931 mneos
1159 5860 1205 5916 uti
1214 5877 1285 5933 pro·
1312 5862 1472 5937 integritate
1485 5868 1514 5918 et
1523 5860 1698 5931 rectitudine,
1712 5874 1784 5932 quac
1794 5860 1824 5917 in
1835 5860 1945 5917 homine
1957 5868 2023 5919 ante
2033 5861 2145 5936 lapsum
