5017 6675
999 632 1052 690 nn
1072 632 1213 691 amnne
1231 632 1423 694 munte.
1997 648 2058 710 tar

362 766 587 863 justificationem
597 761 710 860 Moysei
730 788 853 844 nominat
872 759 1117 860 benedictionem);
1134 805 1198 843 eum
1225 794 1324 846 contu
1341 790 1445 848 Julian.
1470 809 1493 847 c.
1512 796 1552 849 21.
1588 798 1613 850 2.
1632 793 1751 852 Nomine
1775 794 1855 852 liberi
1872 795 1978 852 arbitrii
2001 813 2061 852 sae

366 878 415 933 bae
433 873 644 949 regeneratione
663 874 867 946 conjunctaest
881 875 1030 945 renovatio,
1050 893 1198 947 perquam
1225 876 1289 947 pius
1316 877 1404 950 ipsam
1427 877 1599 935 voluntatem
1621 878 1742 936 hominis
1766 881 1936 953 intelligunt,
1964 889 1996 937 ut
2011 881 2060 939 be

365 962 575 1018 circumciditur
592 978 641 1015 eor
660 969 793 1030 nestrum,
811 965 844 1016 ut
860 961 985 1033 loquitur
1002 961 1114 1033 Moyses
1133 979 1160 1018 ι.
1173 967 1198 1030 6,
1226 963 1330 1020 minem
1349 982 1409 1021 esse
1425 963 1505 1020 liberi
1525 964 1633 1021 arbitrii
1650 966 1720 1020 mbil
1738 967 1815 1022 aliud
1833 967 1900 1037 ipsis
1913 968 1956 1036 sit,
1977 986 2061 1040 quarn

364 1056 394 1106 nt
410 1049 468 1123 legi
489 1046 599 1103 divinae
617 1045 804 1102 murnum
824 1054 965 1118 praestare
983 1047 1129 1119 possimus,
1148 1048 1197 1103 sed
1226 1048 1361 1106 facultate
1391 1050 1565 1123 intelligendi
1594 1067 1628 1106 ac
1660 1051 1772 1106 volendi
1801 1051 1966 1108 instuctum
1992 1071 2060 1110 esse.
2160 1056 2165 1070 “

365 1135 427 1210 quia
443 1134 583 1207 primitias
600 1136 709 1189 tantun
722 1133 841 1204 Spiritus
858 1135 1018 1206 accipimus,
1035 1142 1087 1189 uec
1104 1133 1197 1189 inhae
1227 1141 1251 1191 3.
1281 1134 1401 1193 Nomine
1433 1136 1568 1191 libertatis
1609 1136 1789 1208 utplurimum
1822 1137 1984 1209 intelligunt
2021 1138 2061 1194 in-

364 1222 419 1278 rita
444 1221 574 1277 omnibus
596 1220 718 1276 numeris
739 1221 864 1292 perfecta
886 1225 929 1276 est
953 1220 1108 1291 renovatio,
1135 1220 1198 1276 ideo
1225 1222 1355 1279 teriorern
1387 1221 1464 1279 illam
1494 1223 1650 1278 libertatem
1678 1239 1695 1277 a
1721 1221 1886 1277 necessitate
1914 1223 2062 1281 eoacfionis

366 1307 489 1379 impletio
514 1324 570 1362 non
593 1313 636 1363 est
653 1307 791 1379 perfecta,
815 1325 848 1362 ac
865 1307 983 1380 proinde
1000 1323 1035 1362 ne
1052 1307 1121 1381 ipsis
1140 1306 1199 1379 qui·
1225 1307 1356 1377 liberam,
1381 1309 1456 1380 quod
1481 1308 1608 1363 voluntas
1634 1307 1752 1362 hominis
1776 1314 1874 1378 sponte
1892 1312 1920 1363 et
1940 1307 2027 1366 bbere
2046 1327 2064 1365 a

367 1395 426 1450 dem
452 1393 555 1450 renatis
584 1409 617 1448 ex
641 1392 704 1467 lege
723 1393 833 1465 justitia
852 1400 880 1450 et
898 1395 972 1449 salus
992 1399 1035 1449 est
1054 1394 1199 1466 speranda,
1226 1392 1303 1449 nullo
1325 1400 1422 1449 coacta
1444 1395 1516 1466 agit,
1542 1393 1675 1465 quicquid
1700 1393 1767 1466 agit
1802 1400 1826 1449 ι.
1843 1392 1878 1447 In
1897 1395 2064 1466 quibusdam

368 1483 473 1536 mutum
486 1478 575 1549 abest,
593 1484 625 1535 ut
636 1497 692 1535 non
705 1478 808 1536 renatis
820 1496 854 1535 ea
866 1486 1013 1551 competat.
1043 1486 1068 1536 2.
1081 1480 1138 1537 Jos.
1155 1485 1199 1536 ιιι
1227 1479 1310 1535 dictis
1332 1481 1484 1552 loquuntur
1507 1482 1542 1536 de
1569 1480 1697 1537 libertate
1714 1481 1743 1535 iu
1764 1479 1919 1536 sedenibus
1937 1482 2064 1553 externis,

362 1569 446 1638 ,Optio
465 1567 544 1622 vobis
564 1568 664 1636 datur,
690 1567 738 1620 eui
753 1567 858 1622 seruire
872 1567 1051 1637 pottissimum
1070 1568 1200 1636 debeatis,
1228 1566 1303 1637 quod
1328 1565 1410 1621 homo
1437 1566 1560 1620 nondum
1586 1571 1698 1622 renatus
1722 1572 1863 1623 externam
1888 1567 2065 1637 disciplinam

366 1653 412 1708 ubi
427 1654 538 1724 populo
564 1653 735 1723 relinquitur
752 1653 885 1721 liberum,
908 1653 1010 1707 velitne
1030 1655 1118 1708 DEO
1136 1671 1199 1709 uere
1228 1652 1432 1724 quodammodo
1456 1660 1598 1724 praestare
1617 1658 1723 1729 potest,
1746 1660 1774 1709 et
1791 1670 1808 1707 a
1827 1652 1999 1725 gravioribus
2018 1654 2066 1711 de·

367 1742 468 1795 mltrrm
495 1739 629 1794 adbibere
653 1757 692 1792 an
717 1738 819 1804 idelis,
839 1741 874 1793 id
893 1747 944 1809 est,
970 1741 1035 1794 bene
1056 1757 1140 1809 apere
1158 1742 1200 1794 uel
1226 1739 1299 1795 lictis
1318 1743 1432 1808 externa
1447 1740 1572 1795 membra
1585 1739 1723 1801 cohibere,
1743 1756 1797 1811 quo
1809 1739 2065 1811 respectuliberum

364 1843 489 1897 peecare.
526 1824 749 1896 Respondemus:
773 1824 872 1880 Cultus
890 1824 943 1880 Dei
962 1832 1005 1881 cst
1023 1826 1068 1882 vel
1087 1827 1201 1883 interior
1227 1826 1372 1882 arbitrium
1397 1829 1499 1881 vocant
1517 1827 1661 1896 videtum,
1688 1827 1864 1896 inclirmtum,
1889 1827 2063 1883 vulneratum

368 1913 409 1969 rel
432 1910 566 1981 exterior,
590 1911 747 1967 interiorem
771 1915 799 1966 et
822 1928 917 1966 verum
936 1911 990 1969 Dei
1014 1913 1120 1969 cultum
1145 1913 1201 1968 suis
1228 1920 1280 1970 eto.
1317 1921 1342 1972 5.
1359 1911 1520 1984 Aliquando
1542 1912 1622 1967 liberi
1648 1913 1754 1968 aribtrii
1779 1914 1888 1968 nomine
1915 1913 1943 1967 id
1961 1913 2062 1968 intelli-

365 1998 472 2054 riribns
494 2015 546 2053 nee
570 2005 712 2069 praestare
735 2015 787 2053 nec
805 1997 934 2054 inchoare
951 2005 1068 2071 possunt
1085 2017 1141 2054 uon
1160 2016 1202 2055 re·
1227 2005 1312 2073 gunt,
1334 1998 1409 2071 quod
1433 2015 1510 2054 mens
1528 2003 1557 2052 et
1574 1999 1703 2053 voluntas
1721 1998 1860 2054 ordinaria
1880 1999 1933 2054 Dei
1953 1998 2062 2069 dispen-

366 2083 438 2153 nati,
466 2083 628 2140 exteriorem
653 2100 719 2139 vcro
744 2083 947 2154 quodammodo
972 2091 1114 2156 praestare
1138 2103 1202 2156 pos·
1228 2087 1335 2141 sabone
1353 2085 1475 2146 converti
1493 2090 1617 2154 possunt,
1635 2101 1707 2157 quae
1724 2084 1866 2156 capacitas
1878 2086 2064 2141 conversionis

368 2177 431 2226 sunt
454 2169 509 2239 illi,
539 2168 640 2243 quibus
663 2169 692 2224 in
714 2170 799 2225 verbo
822 2170 950 2226 voluntas
973 2172 1026 2226 Dei
1051 2171 1202 2242 patefacta.
1228 2189 1285 2228 nou
1312 2178 1355 2227 est
1381 2172 1409 2226 in
1434 2170 1525 2226 brutis
1551 2170 1595 2226 vel
1622 2171 1706 2226 etiam
1731 2171 1920 2227 daemonibus.
1966 2173 2064 2246 Augu·

368 2255 438 2328 Agit
454 2253 508 2311 hoe
528 2255 589 2311 loco
607 2255 695 2311 Josua
712 2272 775 2310 eum
793 2254 927 2311 lsrailitis
941 2258 1001 2328 jam
1017 2256 1156 2312 conversis
1175 2262 1204 2312 et
1229 2257 1319 2312 atinus
1342 2257 1421 2328 epist.
1444 2264 1499 2313 tot.
1526 2257 1563 2311 ad
1581 2256 1717 2313 Vitalem:
1741 2258 1775 2313 Si
1792 2276 1855 2313 uere
1872 2258 1998 2312 uolumus
2016 2261 2063 2314 de·

368 2359 418 2416 per
436 2341 671 2397 circumcisionem
689 2341 718 2396 in
736 2341 833 2397 foedus
851 2341 907 2396 Dei
924 2343 1052 2413 receptis,
1071 2360 1122 2398 nec
1140 2343 1202 2398 idco
1222 2346 1348 2413 ferdere
1371 2344 1487 2397 liberum
1512 2345 1677 2414 arbitrium,
1700 2363 1756 2399 non
1782 2363 1971 2416 oppugnemus
1990 2349 2065 2401 uude

369 2428 418 2484 dat
443 2427 597 2499 optionem,
623 2427 703 2499 qussi
730 2443 815 2498 penes
834 2429 908 2498 ipsos
927 2427 962 2483 sit
980 2428 1101 2501 eligendi
1122 2429 1202 2484 liber·
1229 2432 1267 2485 ιιι
1292 2430 1416 2484 liberum.
1452 2427 1592 2484 Lutherus
1617 2436 1682 2485 tom.
1706 2436 1728 2487 l.
1751 2447 1825 2502 oper.
1844 2429 1906 2485 Lat
1932 2430 1979 2486 fol
1999 2435 2063 2487 236:

367 2520 419 2581 tas,
436 2514 486 2569 sed
498 2521 530 2570 ut
541 2513 683 2585 publicum
697 2515 755 2569 veri
767 2513 821 2570 Dei
833 2513 1033 2571 confessionem
1053 2520 1081 2570 et
1097 2514 1203 2587 obliga·
1233 2517 1354 2580 Quande
1374 2523 1474 2586 putres
1494 2515 1611 2569 liberum
1628 2516 1778 2570 arbitrium
1798 2518 1962 2585 defendunt,
1980 2533 2065 2586 capa·

321 2627 323 2631 ·
367 2601 472 2656 tionem
489 2600 673 2656 voluntariam
691 2601 728 2655 ad
745 2601 832 2672 ipsius
846 2600 952 2656 cultum
969 2601 1005 2656 ab
1023 2601 1091 2672 ipsis
1102 2601 1203 2669 eliciat,
1230 2605 1341 2657 citatem
1360 2601 1499 2656 libertatis
1517 2603 1577 2672 ejus
1590 2602 1771 2671 praedicent,
1789 2601 2068 2670 quodscelicetuerti

370 2693 454 2758 atque
479 2691 511 2741 ut
532 2686 585 2742 hae
608 2688 714 2744 ratione
740 2688 779 2759 pii
803 2687 998 2743 confirmentur
1022 2688 1051 2743 in
1076 2704 1127 2743 sua
1142 2688 1204 2744 reli·
1226 2689 1320 2758 possit
1338 2690 1379 2742 ed
1389 2689 1481 2742 Deum
1494 2704 1550 2757 per
1567 2686 1691 2755 qratiam
1711 2693 1736 2740 et
1750 2686 2064 2756 fierireuereliberum,

370 2772 465 2845 glane
488 2772 652 2844 hypocritae
676 2791 741 2829 vero
768 2774 920 2829 reddantur
938 2773 1154 2838 inexcusabiles,
1182 2774 1205 2828 si
1232 2778 1274 2829 ad
1301 2776 1379 2844 quod
1407 2781 1447 2826 est
1478 2779 1608 2826 meatum.
1655 2778 1678 2827 6.
1705 2771 1823 2838 Quando
1852 2772 2005 2843 respiciunt
2030 2772 2066 2829 sd

370 2859 415 2914 vel
438 2859 467 2913 in
484 2859 625 2932 hypocrisi
644 2866 837 2931 perseverent,
863 2860 908 2914 vel
926 2860 1019 2930 palam
1039 2859 1075 2915 ab
1094 2860 1150 2915 hac
1165 2877 1205 2916 re·
1231 2861 1436 2931 corruptionem
1472 2863 1588 2914 naturae
1617 2875 1668 2929 per
1695 2865 1843 2930 peecatum
1871 2858 2068 2930 introductam,

289 2962 357 3008 att:
371 2943 474 3016 ligione
495 2951 594 3016 postca
617 2944 754 3001 deliciunt.
791 2952 814 3002 3.
840 2945 944 3001 Eccles.
970 2951 1013 3001 31:
1040 2945 1097 3008 Qui
1113 2947 1208 3016 potuit
1232 2963 1288 3019 qua
1313 2946 1441 3001 voluntas
1467 2943 1586 2998 hominis
1610 2950 1727 3015 peccato
1753 2943 1840 3006 servit
1863 2950 1892 3000 et
1914 2961 1947 3000 cx
1966 2961 1996 2998 se
2012 2961 2068 2999 non

289 3019 345 3109 {pu
371 3031 535 3100 transpredi
556 3039 581 3085 et
602 3050 658 3085 nen
677 3039 717 3085 est
734 3039 940 3101 transpressus,
964 3033 1063 3097 fecere
1085 3032 1163 3085 mate
1181 3041 1207 3085 et
1232 3035 1325 3104 potest
1340 3046 1396 3084 non
1414 3028 1530 3099 servire,
1549 3029 1650 3086 diserte
1670 3029 1767 3086 dicunt
1783 3029 1902 3085 liberum
1920 3028 2067 3086 arbitrium

289 3131 320 3161 υ·
372 3134 427 3170 nen
451 3117 534 3186 fecit,
562 3118 627 3171 ideo
654 3117 780 3171 stabilita
803 3125 867 3171 ment
894 3117 965 3170 bena
990 3119 1065 3186 ejus,
1092 3118 1141 3170 ubi
1163 3117 1206 3169 eir
1232 3134 1291 3174 esse
1303 3116 1442 3184 amissum,
1456 3115 1630 3185 exstinctum,
1641 3115 1790 3186 perditum,
1806 3132 1915 3170 servum
1926 3114 2068 3172 redditum

289 3173 348 3266 :epp
372 3203 458 3256 benus
483 3202 547 3256 ideo
572 3203 677 3257 dieitur
700 3203 788 3257 laude
807 3211 833 3257 et
844 3204 977 3272 praemio
995 3204 1111 3272 dignus,
1138 3203 1206 3272 quie
1233 3210 1299 3266 cte,
1317 3203 1488 3259 veluntatem
1504 3208 1606 3257 veeant
1624 3202 1809 3257 damnabilem
1827 3200 1964 3271 ancillam,
1982 3200 2067 3273 capti·

289 3291 304 3332 l·
315 3291 360 3336 ¹²⁰·
368 3290 464 3360 potuit
488 3289 592 3343 malum
616 3290 715 3355 fecere
742 3297 768 3343 ct
792 3308 848 3344 non
872 3289 948 3351 feeit.
983 3287 1207 3359 Respondemus:
1231 3295 1336 3360 vatam,
1354 3288 1569 3354 contumaciam,
1587 3303 1642 3343 non
1660 3287 1825 3345 libertatem.
1862 3295 1887 3345 ι.
1903 3286 1976 3355 Quia
1990 3304 2067 3344 muu-

289 3364 347 3448 2*„‚
373 3394 427 3432 non
450 3374 542 3448 agitsu
564 3374 616 3430 boc
639 3375 700 3430 loco
728 3376 763 3430 de
788 3375 902 3430 salutari
926 3376 961 3430 sd
980 3375 1071 3430 Deum
1095 3391 1208 3431 conver·
1233 3378 1286 3433 dus
1314 3375 1439 3431 doctrina
1466 3375 1515 3430 illa
1540 3375 1576 3431 de
1599 3375 1742 3449 ἀδυναμίᾳ
1766 3375 1865 3430 virium
1886 3374 2069 3431 humanarum

373 3463 463 3529 sione,
485 3460 531 3516 vel
554 3461 589 3516 de
614 3460 750 3517 facultate
773 3461 934 3533 applicandi
959 3478 988 3516 se
1006 3461 1042 3517 ad
1059 3461 1163 3517 bonum
1181 3470 1209 3518 et
1234 3464 1264 3519 in
1282 3462 1472 3536 spiritualibus
1493 3460 1630 3534 flagitiose
1648 3460 1773 3516 abutitur
1790 3460 1826 3516 ad
1843 3460 1973 3515 alendam
1991 3461 2069 3533 igna-

373 3548 483 3614 malnm,
501 3547 549 3601 sed
572 3547 606 3602 dc
624 3552 737 3603 externo
755 3546 914 3603 divitiarum
934 3565 1001 3618 usu3
1025 3565 1096 3619 quae
1114 3548 1209 3603 multis
1234 3549 1316 3618 riam,
1334 3547 1509 3604 securitatem
1528 3552 1556 3602 et
1573 3546 1788 3615 contumaciam,
1805 3547 1868 3601 ideo
1885 3551 1992 3601 veteres
2009 3547 2069 3620 glo·

373 3639 437 3689 sunt
446 3634 630 3687 instrumenta
639 3650 672 3688 ac
684 3634 761 3689 nervi
774 3635 810 3688 ad
820 3634 1000 3704 peccandum,
1011 3633 1112 3705 quibus
1126 3635 1208 3690 enam
1234 3634 1332 3690 riosiua
1351 3633 1500 3706 aliqnando
1517 3630 1680 3703 pracsertim
1699 3631 1727 3685 in
1748 3630 1867 3685 homiliis
1885 3633 1922 3686 ad
1934 3633 2069 3704 populum

372 3736 426 3773 non
438 3726 548 3774 renatos
560 3718 675 3775 honeste
687 3736 720 3774 ae
734 3724 808 3775 recte
821 3719 958 3792 utiposse,
968 3725 1107 3775 testantur
1119 3721 1208 3776 sanie·
1236 3721 1271 3776 de
1287 3718 1393 3774 viribus
1412 3717 1540 3773 humanis
1557 3716 1716 3790 loquuntur,
1735 3717 1809 3789 quod
1827 3715 2014 3788 Hieronymus
2034 3718 2071 3774 de

372 3822 433 3860 rum
445 3804 616 3860 ethnicorum
629 3805 703 3861 dicta
719 3812 746 3861 et
758 3806 951 3878 exemplased
963 3823 996 3861 ex
1007 3806 1209 3863 eovircslibcri
1235 3825 1264 3862 se
1287 3807 1348 3877 ipso
1365 3803 1478 3861 latetur.
1513 3803 1701 3859 Bellarminus
1718 3803 1766 3858 lib.
1784 3809 1808 3860 6.
1830 3802 1865 3859 de
1883 3810 1954 3876 grat
1972 3809 2002 3858 ct
2021 3803 2070 3860 lib.

373 3891 480 3947 arbitrii
495 3891 524 3945 in
541 3890 731 3962 spiritualibus
745 3910 799 3947 non
810 3898 927 3963 possunt
938 3891 1058 3963 probari.
1078 3892 1208 3950 atuor.
1235 3891 1293 3947 arb.
1320 3908 1344 3946 c.
1373 3897 1401 3948 6:
1435 3890 1646 3960 Obryaostamus
1672 3907 1728 3944 aen
1754 3890 1796 3944 ita
1825 3898 1922 3960 aperte
1947 3892 2071 3959 qratiam

289 3973 359 4069 ξιξᾶ
374 3983 403 4033 7:
434 3978 490 4040 Qui
516 3977 613 4030 standi
640 3978 670 4028 in
695 3979 780 4030 corde
803 3994 854 4030 suo
869 3979 972 4047 firmus
988 3995 1101 4032 seruarc
1124 3980 1207 4048 uirgi-
1229 3976 1456 4048 praevenientem
1476 3977 1642 4046 praedicet,
1668 3976 1736 4047 arcia
1754 3993 1786 4030 eo
1806 3984 1928 4048 tempore
1945 3978 2070 4031 nondum

289 4080 328 4121 ιιι
372 4082 433 4118 nera
462 4082 555 4128 neem,
584 4063 650 4116 bene
676 4064 758 4128 facit.
800 4062 1027 4134 Respondemus:
1056 4064 1208 4122 Caelestius
1235 4064 1326 4119 exerti
1341 4069 1430 4131 eram,
1449 4062 1499 4132 qui
1513 4078 1575 4115 eam
1591 4070 1733 4132 separent,
1755 4070 1780 4116 et
1797 4063 1863 4117 ideo
1881 4064 1960 4118 nobis
1974 4062 2071 4117 tribuit

289 4131 351 4225 ᾗ,
372 4149 456 4205 etiam
484 4148 536 4204 hoe
559 4153 724 4220 argumento
747 4149 889 4213 utebatur,
915 4150 963 4204 sed
984 4150 1133 4221 respondet
1150 4151 1207 4205 Au·
1234 4169 1277 4216 ee,
1293 4166 1365 4221 quae
1382 4166 1433 4202 nos
1454 4166 1516 4202 eum
1539 4150 1603 4203 Deo
1625 4148 1770 4216 scaiman
1789 4166 1988 4219 nonnunquam
2001 4148 2072 4202 dicit

289 4234 359 4329 :ff
374 4236 502 4309 gostinus
521 4233 550 4289 in
566 4234 615 4290 lib.
633 4234 668 4289 de
684 4234 798 4306 perfect.
819 4234 919 4289 instit:
940 4236 1023 4306 quasi
1036 4253 1090 4305 pro
1107 4254 1208 4305 maeno
1233 4256 1289 4292 nen
1301 4235 1467 4307 praeveniri
1483 4252 1535 4288 nos
1552 4253 1570 4287 a
1584 4236 1649 4288 Dee
1662 4251 1717 4302 per
1732 4236 1846 4287 modum
1858 4233 2072 4288 determinantia

374 4323 533 4376 babendum
551 4322 588 4375 sit
607 4321 679 4376 uelle
695 4322 806 4391 nubere,
824 4322 872 4374 ubi
889 4322 923 4375 de
936 4322 1082 4391 adjutorio
1095 4323 1208 4376 dimone
1227 4324 1276 4387 ,ad
1284 4341 1368 4376 uuum
1380 4320 1607 4375 etnecesm’tatem
1625 4320 1776 4390 effereatis,
1794 4321 1835 4373 ite
1852 4328 1883 4373 ut
1895 4319 2012 4372 tollatur
2024 4337 2070 4372 ar·

374 4403 587 4463 miserirordiae
624 4408 795 4478 disputetur.
847 4406 992 4479 Virginem
1028 4407 1135 4465 elocare
1164 4410 1210 4463 vel
1236 4410 1315 4463 bitrii
1332 4408 1462 4476 tibertus,
1483 4406 1516 4459 id
1530 4407 1607 4475 estod
1623 4422 1706 4475 saepe
1725 4423 1759 4458 oe
1777 4405 1892 4459 libenter
1911 4404 2071 4473 Obrysosto-

376 4513 432 4550 non
450 4494 557 4549 elocare
575 4492 695 4564 pertinet
712 4493 748 4548 ad
767 4500 893 4549 externas
908 4493 1041 4560 actiones,
1061 4493 1090 4548 in
1108 4494 1209 4565 quibus
1236 4514 1298 4549 mus
1315 4494 1415 4564 repetit
1432 4501 1490 4546 tum
1503 4498 1624 4561 propter
1640 4490 1839 4555 illustriores,
1867 4491 1917 4558 qui
1932 4492 2072 4559 nequeant

374 4580 493 4635 uberum
530 4579 675 4635 arbitrium
713 4578 804 4634 adhuc
838 4579 910 4634 vires
949 4580 1081 4650 quasdam
1116 4579 1354 4635 habet'libcrum
1380 4579 1538 4641 arbitrium,
1568 4585 1624 4629 tum
1649 4577 1733 4629 etiam
1759 4579 1801 4629 ad
1826 4576 2024 4645 negligentiam
2046 4583 2071 4630 et

289 4669 361 4713 ἔπιθι
375 4674 400 4723 5.
419 4672 443 4722 2.
465 4664 527 4720 Cor.
547 4671 576 4720 a:
598 4667 788 4736 Unusquisque
802 4645 890 4736 praui
907 4666 1059 4719 destinauit
1077 4666 1106 4720 ia
1126 4668 1210 4719 corde
1222 4643 1224 4738 i
1237 4667 1377 4721 desidiam
1395 4664 1535 4717 bominum
1554 4662 1817 4728 uenerandumne
1837 4662 1877 4714 ita
1895 4670 2073 4731 reputarent

289 4728 343 4825 ,ἴῃ
375 4771 426 4808 suo
452 4770 509 4805 neu
531 4768 563 4805 ea
582 4751 698 4806 tristitie
718 4759 768 4805 aut
784 4751 958 4818 amaritate,
985 4752 1035 4805 ubi
1049 4757 1254 4826 npoatpsorsla
1272 4755 1336 4806 Deo
1355 4751 1580 4821 praeveniendos
1598 4765 1669 4817 esse,
1693 4757 1724 4802 ut
1740 4749 1812 4803 nibil
1831 4749 1887 4800 sibi
1903 4748 2071 4817 relinquere·

289 4829 347 4919 ἵζ’·
375 4838 483 4894 bomini
510 4839 649 4895 tribuitur.
696 4837 921 4908 Respondemus:
955 4836 1060 4910 Ecquis
1090 4855 1155 4893 vero
1181 4836 1209 4891 in
1235 4849 1282 4893 tur
1308 4838 1457 4909 agendum.
1503 4840 1526 4890 8.
1551 4835 1611 4891 Nee
1642 4834 1755 4889 liberius
1779 4834 1883 4903 solum,
1911 4834 1960 4889 sed
1983 4838 2011 4888 et
2032 4833 2072 4888 in-

289 4933 321 4973 ιι
376 4924 496 4983 externis
508 4924 672 4994 actionibus,
685 4925 776 4996 qualis
788 4928 830 4979 est
841 4924 1077 4995 eleemosynarum
1089 4923 1209 4996 largitio,
1235 4923 1405 4979 commodius
1429 4920 1580 4994 aliquando
1596 4921 1760 4993 loquuntur,
1783 4919 1857 4990 quod
1876 4919 1905 4973 in
1923 4918 1985 4973 aliis
2004 4920 2070 4973 scri·

374 5011 524 5068 voluntatis
543 5018 706 5083 προαιρεσιν
726 5009 830 5065 homini
848 5010 966 5066 adimit?
991 5010 1063 5065 adde
1082 5011 1157 5082 quod
1175 5007 1223 5074 del
1234 5010 1290 5082 ptis
1311 5016 1409 5081 postes
1433 5008 1590 5080 corrigunt,
1614 5006 1643 5060 id
1667 5003 1741 5076 quod
1767 5004 1804 5059 ab
1832 5004 1899 5074 ipsis
1919 5003 2071 5087 Pontitieiis

374 5097 478 5154 renatis
496 5098 636 5168 apostolus
654 5096 707 5152 hoc
724 5097 785 5152 loco
803 5104 877 5169 agat
1221 5079 1415 5167 iscriptoribus
1427 5095 1594 5167 agnoscitur.
1624 5090 1749 5146 Telletus
1770 5089 1799 5144 in
1813 5106 1909 5144 comm.
1922 5089 1984 5145 Joh.
1998 5096 2026 5145 ιε
2042 5091 2071 5144 in

289 5208 315 5245 ιι
411 5191 451 5240 ιι.
487 5183 573 5238 Dicta
589 5189 700 5255 patrum
718 5182 793 5254 quod
812 5182 924 5246 attinet,
949 5198 982 5237 ca
1000 5181 1142 5254 sigillatim
1164 5199 1208 5236 er·
1235 5183 1286 5237 boc
1303 5180 1522 5250 Cbrysostomus,
1541 5178 1675 5247 Curibus,
1693 5175 1800 5245 aliique
1818 5177 1946 5229 dectores
1965 5174 2113 5229 Graeciv·
2126 5175 2172 5222 ill·

289 5266 347 5296 ‘⁹¹¹¹'
376 5275 471 5324 cutere
496 5270 583 5324 nostri
605 5288 659 5324 non
683 5273 725 5325 est
747 5267 875 5324 instituti.
917 5267 951 5322 In
974 5286 1075 5340 genere
1099 5284 1210 5339 respon·
1236 5287 1291 5322 non
1307 5267 1475 5337 probantur.
1504 5264 1681 5319 Maldonatus
1700 5261 2071 5317 incommunicatum

377 5357 488 5411 demus:
515 5361 538 5410 1.
555 5362 620 5410 ante
640 5362 766 5411 eremum
786 5360 926 5410 certamen
942 5354 1125 5426 Pelagianum
1142 5354 1209 5409 libe·
1239 5353 1471 5423 Tbeopbylactus,
1489 5349 1667 5418 Euthymios,
1688 5348 1832 5402 Arnobius
1851 5348 1894 5401 ite
1912 5348 2071 5418 laureantur,

377 5444 433 5498 rius
452 5448 518 5496 sunt
533 5442 631 5509 locuti3
653 5459 697 5497 ree
718 5442 791 5496 enim
810 5441 864 5497 fnit
881 5440 948 5512 ipsis
966 5458 1028 5493 eum
1041 5440 1210 5495 Marcionitis
1237 5458 1271 5493 ae
1302 5440 1328 5493 si
1356 5440 1436 5493 bomo
1466 5445 1614 5505 antequam
1640 5450 1695 5503 per
1725 5435 1849 5502 qratiam
1878 5436 1920 5488 ad
1949 5433 2072 5503 pretium

377 5536 405 5584 et
425 5527 611 5592 llaniebaeis,
634 5528 682 5599 qui
699 5526 851 5595 tinxerunt,
869 5532 1015 5598 peccatum
1034 5543 1093 5581 esse
1110 5526 1211 5580 malam
1237 5527 1382 5593 trabatur,
1406 5523 1497 5594 possit
1520 5521 1643 5589 oratiam
1668 5520 1784 5584 mereri,
1808 5522 1860 5573 sed
1883 5520 1951 5574 baec
1976 5536 2071 5571 eorum

377 5615 499 5686 aliquam
523 5614 707 5668 substantium
734 5612 774 5667 ite
797 5618 917 5668 creatam
942 5612 1049 5666 amalo
1066 5593 1368 5682 principiuidoetrine
1398 5610 1481 5662 nirnis
1506 5606 1606 5671 affinis
1635 5612 1674 5658 eet
1704 5605 1815 5659 tamesi
1844 5606 2071 5673 Pelagianorum.

378 5707 462 5771 atque
488 5700 558 5755 adeo
576 5706 721 5771 peecatum
738 5715 795 5752 uon
812 5697 948 5752 introiisse
964 5697 994 5750 in
1013 5698 1145 5751 mundum
1163 5715 1213 5769 per
1238 5698 1332 5755 Sirtns
1360 5693 1489 5750 Senensis
1516 5692 1563 5747 lib.
1591 5699 1613 5746 5.
1641 5691 1669 5745 in
1696 5692 1830 5762 praefat:
1863 5690 2073 5757 Chrysoetenns

377 5786 494 5841 liberum
525 5785 607 5857 primi
635 5783 758 5856 parentis
780 5784 938 5854 arbitrium,
967 5800 1057 5855 neque
1082 5783 1111 5837 in
1133 5785 1212 5838 malis
1238 5786 1343 5854 impetu
1369 5779 1484 5834 dicendi
1506 5797 1567 5831 eum
1588 5777 1781 5842 Meuicbaeis‚
1808 5776 1857 5846 qui
1871 5775 1937 5841 fati
1956 5774 2074 5827 necessi-

377 5870 534 5930 aetionibus
552 5888 611 5928 eoae
628 5871 747 5928 liberum
766 5868 920 5941 arbitrium,
937 5870 1111 5943 Augustinus
1125 5869 1172 5925 lib.
1191 5876 1211 5924 l.
1224 5842 1226 5900 i
1239 5876 1323 5923 tatem
1341 5865 1539 5936 defendebant,
1556 5871 1677 5918 neaerae
1694 5866 1767 5918 uires
1775 5863 1843 5933 plus
1856 5877 1944 5930 aequo
1957 5859 2074 5917 scottis.
2130 5905 2134 5914 .
