<?xml version="1.0" encoding="UTF-8"?>
<!DOCTYPE html PUBLIC "-//W3C//DTD XHTML 1.0 Transitional//EN"
    "http://www.w3.org/TR/xhtml1/DTD/xhtml1-transitional.dtd">
<html xmlns="http://www.w3.org/1999/xhtml" xml:lang="en" lang="en">
 <head>
  <title>
</title>
<meta http-equiv="Content-Type" content="text/html;charset=utf-8" />
  <meta name='ocr-system' content='tesseract 3.04.00' />
  <meta name='ocr-capabilities' content='ocr_page ocr_carea ocr_par ocr_line ocrx_word'/>
</head>
<body>
  <div class='ocr_page' id='page_1' title='image "./locitheologicit04gerhgoog/locitheologicit04gerhgoog_0025.png"; bbox 0 0 5017 6675; ppageno 0'>
   <div class='ocr_carea' id='block_1_1' title="bbox 719 1330 1885 1754">
    <p class='ocr_par' dir='ltr' id='par_1_1' title="bbox 719 1330 1885 1754">
     <span class='ocr_line' id='line_1_1' title="bbox 961 1330 1650 1458; baseline 0.013 -8"><span class='ocrx_word' id='word_1_1' title='bbox 961 1330 1246 1455; x_wconf 78' lang='lat' dir='ltr'>noces</span> <span class='ocrx_word' id='word_1_2' title='bbox 1294 1333 1650 1458; x_wconf 76' lang='grc'><strong>111111111-</strong></span> 
     </span>
     <span class='ocr_line' id='line_1_2' title="bbox 719 1594 1885 1754; baseline 0.008 -12"><span class='ocrx_word' id='word_1_3' title='bbox 719 1594 1885 1754; x_wconf 76' lang='grc'><strong>1111011111111.</strong></span> 
     </span>
    </p>
   </div>
   <div class='ocr_carea' id='block_1_2' title="bbox 1284 1886 1310 1954">
    <p class='ocr_par' dir='ltr' id='par_1_2' title="bbox 1284 1886 1310 1954">
     <span class='ocr_line' id='line_1_3' title="bbox 1284 1886 1310 1954; baseline 0.115 -3"><span class='ocrx_word' id='word_1_4' title='bbox 1284 1886 1310 1954; x_wconf 87' lang='lat'>1.</span> 
     </span>
    </p>
   </div>
   <div class='ocr_carea' id='block_1_3' title="bbox 258 1978 2262 5714">
    <p class='ocr_par' dir='ltr' id='par_1_3' title="bbox 258 1978 2262 5714">
     <span class='ocr_line' id='line_1_4' title="bbox 293 1978 2144 2116; baseline 0.006 -28"><span class='ocrx_word' id='word_1_5' title='bbox 293 2048 427 2089; x_wconf 62' lang='lat' dir='ltr'>&amp;usuro</span> <span class='ocrx_word' id='word_1_6' title='bbox 484 1978 609 2091; x_wconf 61' lang='lat' dir='ltr'>(ianr</span> <span class='ocrx_word' id='word_1_7' title='bbox 629 2036 752 2091; x_wconf 89' lang='lat' dir='ltr'>omnium</span> <span class='ocrx_word' id='word_1_8' title='bbox 771 2038 871 2096; x_wconf 84' lang='lat' dir='ltr'>DEUS</span> <span class='ocrx_word' id='word_1_9' title='bbox 898 2058 953 2095; x_wconf 90' lang='lat' dir='ltr'>non</span> <span class='ocrx_word' id='word_1_10' title='bbox 977 2042 1103 2097; x_wconf 77' lang='lat' dir='ltr'>discessit</span> <span class='ocrx_word' id='word_1_11' title='bbox 1120 2044 1156 2100; x_wconf 86' lang='lat' dir='ltr'>ab</span> <span class='ocrx_word' id='word_1_12' title='bbox 1175 2044 1285 2116; x_wconf 89' lang='lat' dir='ltr'>opificio</span> <span class='ocrx_word' id='word_1_13' title='bbox 1310 2044 1466 2098; x_wconf 84' lang='lat' dir='ltr'>necessaria</span> <span class='ocrx_word' id='word_1_14' title='bbox 1493 2043 1610 2099; x_wconf 80' lang='lat' dir='ltr'>conferri</span> <span class='ocrx_word' id='word_1_15' title='bbox 1637 2044 1777 2114; x_wconf 72' lang='lat' dir='ltr'>omnibus,</span> <span class='ocrx_word' id='word_1_16' title='bbox 1806 2045 1833 2098; x_wconf 91' lang='lat' dir='ltr'>in</span> <span class='ocrx_word' id='word_1_17' title='bbox 1861 2050 1937 2099; x_wconf 86' lang='lat' dir='ltr'>certo</span> <span class='ocrx_word' id='word_1_18' title='bbox 1964 2061 1997 2099; x_wconf 85' lang='lat' dir='ltr'>ac</span> <span class='ocrx_word' id='word_1_19' title='bbox 2026 2044 2144 2100; x_wconf 84' lang='lat' dir='ltr'>mirabili</span> 
     </span>
     <span class='ocr_line' id='line_1_5' title="bbox 294 2110 2145 2203; baseline 0.005 -27"><span class='ocrx_word' id='word_1_20' title='bbox 294 2110 436 2192; x_wconf 43' lang='lat'>253*</span> <span class='ocrx_word' id='word_1_21' title='bbox 449 2136 467 2175; x_wconf 84' lang='lat' dir='ltr'>a</span> <span class='ocrx_word' id='word_1_22' title='bbox 482 2135 513 2173; x_wconf 86' lang='lat' dir='ltr'>se</span> <span class='ocrx_word' id='word_1_23' title='bbox 530 2119 650 2188; x_wconf 86' lang='lat' dir='ltr'>condito,</span> <span class='ocrx_word' id='word_1_24' title='bbox 667 2122 717 2177; x_wconf 89' lang='lat' dir='ltr'>sed</span> <span class='ocrx_word' id='word_1_25' title='bbox 735 2125 935 2194; x_wconf 85' lang='lat' dir='ltr'>omnipotentis</span> <span class='ocrx_word' id='word_1_26' title='bbox 954 2144 1004 2181; x_wconf 90' lang='lat' dir='ltr'>sua</span> <span class='ocrx_word' id='word_1_27' title='bbox 1016 2127 1085 2181; x_wconf 92' lang='lat' dir='ltr'>illud</span> <span class='ocrx_word' id='word_1_28' title='bbox 1098 2128 1190 2184; x_wconf 84' lang='lat' dir='ltr'>adhuc</span> <span class='ocrx_word' id='word_1_29' title='bbox 1201 2130 1285 2186; x_wconf 89' lang='lat' dir='ltr'>hodie</span> <span class='ocrx_word' id='word_1_30' title='bbox 1311 2129 1406 2183; x_wconf 87' lang='lat' dir='ltr'><strong>ordine</strong></span> <span class='ocrx_word' id='word_1_31' title='bbox 1425 2130 1571 2199; x_wconf 83' lang='lat' dir='ltr'>persistere</span> <span class='ocrx_word' id='word_1_32' title='bbox 1583 2130 1686 2196; x_wconf 75' lang='lat' dir='ltr'>omnia,</span> <span class='ocrx_word' id='word_1_33' title='bbox 1707 2148 1823 2202; x_wconf 88' lang='lat' dir='ltr'>eaquae</span> <span class='ocrx_word' id='word_1_34' title='bbox 1836 2131 1894 2186; x_wconf 88' lang='lat' dir='ltr'>sine</span> <span class='ocrx_word' id='word_1_35' title='bbox 1907 2149 1989 2186; x_wconf 85' lang='lat' dir='ltr'>sensu</span> <span class='ocrx_word' id='word_1_36' title='bbox 2001 2135 2030 2185; x_wconf 88' lang='lat' dir='ltr'>et</span> <span class='ocrx_word' id='word_1_37' title='bbox 2041 2130 2145 2203; x_wconf 80' lang='lat' dir='ltr'>cogita·</span> 
     </span>
     <span class='ocr_line' id='line_1_6' title="bbox 297 2203 2145 2286; baseline 0.006 -28"><span class='ocrx_word' id='word_1_38' title='bbox 297 2203 364 2243; x_wconf 60' lang='grc' dir='ltr'>Μ·</span> <span class='ocrx_word' id='word_1_39' title='bbox 451 2214 597 2261; x_wconf 86' lang='lat' dir='ltr'>conservat</span> <span class='ocrx_word' id='word_1_40' title='bbox 614 2215 642 2262; x_wconf 89' lang='lat' dir='ltr'>et</span> <span class='ocrx_word' id='word_1_41' title='bbox 658 2208 796 2277; x_wconf 86' lang='lat' dir='ltr'>sapientis</span> <span class='ocrx_word' id='word_1_42' title='bbox 813 2227 864 2264; x_wconf 86' lang='lat' dir='ltr'>sua</span> <span class='ocrx_word' id='word_1_43' title='bbox 881 2212 973 2270; x_wconf 88' lang='lat' dir='ltr'>omnia</span> <span class='ocrx_word' id='word_1_44' title='bbox 989 2212 1018 2266; x_wconf 90' lang='lat' dir='ltr'>in</span> <span class='ocrx_word' id='word_1_45' title='bbox 1037 2230 1070 2268; x_wconf 87' lang='lat' dir='ltr'>eo</span> <span class='ocrx_word' id='word_1_46' title='bbox 1087 2215 1160 2286; x_wconf 76' lang='lat' dir='ltr'>regit</span> <span class='ocrx_word' id='word_1_47' title='bbox 1176 2231 1209 2269; x_wconf 87' lang='lat' dir='ltr'>ac</span> <span class='ocrx_word' id='word_1_48' title='bbox 1227 2234 1284 2271; x_wconf 89' lang='lat' dir='ltr'>mo·</span> <span class='ocrx_word' id='word_1_49' title='bbox 1311 2214 1386 2268; x_wconf 88' lang='lat' dir='ltr'>tione</span> <span class='ocrx_word' id='word_1_50' title='bbox 1405 2221 1506 2285; x_wconf 83' lang='lat' dir='ltr'>agunt,</span> <span class='ocrx_word' id='word_1_51' title='bbox 1532 2223 1624 2269; x_wconf 87' lang='lat' dir='ltr'>tamen</span> <span class='ocrx_word' id='word_1_52' title='bbox 1648 2215 1773 2270; x_wconf 86' lang='lat' dir='ltr'>obtinere</span> <span class='ocrx_word' id='word_1_53' title='bbox 1791 2234 1871 2270; x_wconf 83' lang='lat' dir='ltr'>suum</span> <span class='ocrx_word' id='word_1_54' title='bbox 1888 2216 1984 2285; x_wconf 78' lang='lat' dir='ltr'>finem,</span> <span class='ocrx_word' id='word_1_55' title='bbox 2012 2233 2055 2272; x_wconf 90' lang='lat' dir='ltr'>res</span> <span class='ocrx_word' id='word_1_56' title='bbox 2073 2215 2145 2271; x_wconf 87' lang='lat' dir='ltr'>inter</span> 
     </span>
     <span class='ocr_line' id='line_1_7' title="bbox 451 2291 2145 2370; baseline 0.005 -24"><span class='ocrx_word' id='word_1_57' title='bbox 451 2291 570 2348; x_wconf 82' lang='lat' dir='ltr'>deratur.</span> <span class='ocrx_word' id='word_1_58' title='bbox 607 2295 672 2346; x_wconf 88' lang='lat' dir='ltr'>Non</span> <span class='ocrx_word' id='word_1_59' title='bbox 697 2296 771 2348; x_wconf 89' lang='lat' dir='ltr'>enim</span> <span class='ocrx_word' id='word_1_60' title='bbox 791 2297 863 2349; x_wconf 86' lang='lat' dir='ltr'>sicut</span> <span class='ocrx_word' id='word_1_61' title='bbox 890 2306 1060 2352; x_wconf 74' lang='lat' dir='ltr'>structuram</span> <span class='ocrx_word' id='word_1_62' title='bbox 1084 2300 1198 2355; x_wconf 72' lang='lat' dir='ltr'>(tedium</span> <span class='ocrx_word' id='word_1_63' title='bbox 1223 2321 1286 2356; x_wconf 86' lang='lat' dir='ltr'>curn</span> <span class='ocrx_word' id='word_1_64' title='bbox 1312 2316 1340 2353; x_wconf 88' lang='lat' dir='ltr'>se</span> <span class='ocrx_word' id='word_1_65' title='bbox 1359 2308 1518 2369; x_wconf 79' lang='lat' dir='ltr'>pugnantes</span> <span class='ocrx_word' id='word_1_66' title='bbox 1536 2300 1575 2353; x_wconf 86' lang='lat' dir='ltr'>ita</span> <span class='ocrx_word' id='word_1_67' title='bbox 1586 2302 1751 2370; x_wconf 89' lang='lat' dir='ltr'>temperari,</span> <span class='ocrx_word' id='word_1_68' title='bbox 1779 2308 1823 2370; x_wconf 93' lang='lat' dir='ltr'>ut,</span> <span class='ocrx_word' id='word_1_69' title='bbox 1842 2303 1913 2358; x_wconf 90' lang='lat' dir='ltr'>vires</span> <span class='ocrx_word' id='word_1_70' title='bbox 1934 2302 2051 2356; x_wconf 88' lang='lat' dir='ltr'>invicem</span> <span class='ocrx_word' id='word_1_71' title='bbox 2068 2301 2145 2355; x_wconf 80' lang='lat' dir='ltr'>iran-</span> 
     </span>
     <span class='ocr_line' id='line_1_8' title="bbox 448 2379 2141 2458; baseline 0.005 -26"><span class='ocrx_word' id='word_1_72' title='bbox 448 2379 635 2444; x_wconf 78' lang='lat' dir='ltr'>fabricacerit</span> <span class='ocrx_word' id='word_1_73' title='bbox 660 2382 737 2450; x_wconf 73' lang='lat' dir='ltr'>quis,</span> <span class='ocrx_word' id='word_1_74' title='bbox 766 2383 892 2437; x_wconf 81' lang='lat' dir='ltr'>abscedit</span> <span class='ocrx_word' id='word_1_75' title='bbox 917 2391 1000 2454; x_wconf 79' lang='lat' dir='ltr'>atque</span> <span class='ocrx_word' id='word_1_76' title='bbox 1026 2385 1078 2439; x_wconf 77' lang='lat' dir='ltr'>nlo</span> <span class='ocrx_word' id='word_1_77' title='bbox 1106 2394 1231 2440; x_wconf 75' lang='lat' dir='ltr'>cessante</span> <span class='ocrx_word' id='word_1_78' title='bbox 1259 2397 1285 2441; x_wconf 88' lang='lat' dir='ltr'>et</span> <span class='ocrx_word' id='word_1_79' title='bbox 1312 2385 1416 2456; x_wconf 79' lang='lat' dir='ltr'>gendo,</span> <span class='ocrx_word' id='word_1_80' title='bbox 1441 2387 1626 2456; x_wconf 87' lang='lat' dir='ltr'>repugnantis</span> <span class='ocrx_word' id='word_1_81' title='bbox 1653 2404 1703 2440; x_wconf 87' lang='lat' dir='ltr'>sua</span> <span class='ocrx_word' id='word_1_82' title='bbox 1730 2389 1832 2442; x_wconf 91' lang='lat' dir='ltr'>mundo</span> <span class='ocrx_word' id='word_1_83' title='bbox 1858 2388 1979 2458; x_wconf 75' lang='lat' dir='ltr'>prosint,</span> <span class='ocrx_word' id='word_1_84' title='bbox 2009 2386 2141 2458; x_wconf 86' lang='lat' dir='ltr'>potiorem</span> 
     </span>
     <span class='ocr_line' id='line_1_9' title="bbox 450 2465 2142 2543; baseline 0.005 -24"><span class='ocrx_word' id='word_1_85' title='bbox 450 2465 615 2520; x_wconf 65' lang='grc'><strong>1111111111</strong></span> <span class='ocrx_word' id='word_1_86' title='bbox 632 2474 688 2520; x_wconf 88' lang='lat' dir='ltr'>stat</span> <span class='ocrx_word' id='word_1_87' title='bbox 706 2485 776 2536; x_wconf 87' lang='lat' dir='ltr'>opus</span> <span class='ocrx_word' id='word_1_88' title='bbox 794 2471 872 2538; x_wconf 83' lang='lat' dir='ltr'>ejus:</span> <span class='ocrx_word' id='word_1_89' title='bbox 893 2470 934 2523; x_wconf 88' lang='lat' dir='ltr'>ita</span> <span class='ocrx_word' id='word_1_90' title='bbox 951 2473 1072 2525; x_wconf 82' lang='lat' dir='ltr'>mundus</span> <span class='ocrx_word' id='word_1_91' title='bbox 1085 2471 1197 2527; x_wconf 79' lang='lat' dir='ltr'>relicte</span> <span class='ocrx_word' id='word_1_92' title='bbox 1210 2474 1288 2527; x_wconf 87' lang='lat' dir='ltr'>oculi</span> <span class='ocrx_word' id='word_1_93' title='bbox 1311 2487 1419 2540; x_wconf 84' lang='lat' dir='ltr'>semper</span> <span class='ocrx_word' id='word_1_94' title='bbox 1442 2471 1508 2525; x_wconf 90' lang='lat' dir='ltr'>boni</span> <span class='ocrx_word' id='word_1_95' title='bbox 1533 2471 1699 2535; x_wconf 90' lang='lat' dir='ltr'>communis,</span> <span class='ocrx_word' id='word_1_96' title='bbox 1725 2489 1808 2542; x_wconf 89' lang='lat' dir='ltr'>quam</span> <span class='ocrx_word' id='word_1_97' title='bbox 1825 2473 1926 2543; x_wconf 87' lang='lat' dir='ltr'>privati</span> <span class='ocrx_word' id='word_1_98' title='bbox 1946 2471 2043 2528; x_wconf 86' lang='lat' dir='ltr'>haberi</span> <span class='ocrx_word' id='word_1_99' title='bbox 2061 2471 2142 2528; x_wconf 78' lang='lat' dir='ltr'>retio-</span> 
     </span>
     <span class='ocr_line' id='line_1_10' title="bbox 449 2554 1442 2625; baseline 0.008 -21"><span class='ocrx_word' id='word_1_100' title='bbox 449 2558 526 2605; x_wconf 88' lang='lat' dir='ltr'>stare</span> <span class='ocrx_word' id='word_1_101' title='bbox 538 2561 645 2622; x_wconf 84' lang='lat' dir='ltr'>posset,</span> <span class='ocrx_word' id='word_1_102' title='bbox 662 2554 689 2605; x_wconf 84' lang='lat' dir='ltr'>si</span> <span class='ocrx_word' id='word_1_103' title='bbox 705 2554 753 2607; x_wconf 90' lang='lat' dir='ltr'>illi</span> <span class='ocrx_word' id='word_1_104' title='bbox 772 2558 852 2608; x_wconf 85' lang='lat' dir='ltr'>Deus</span> <span class='ocrx_word' id='word_1_105' title='bbox 870 2558 992 2625; x_wconf 76' lang='lat' dir='ltr'>repimen</span> <span class='ocrx_word' id='word_1_106' title='bbox 1012 2576 1092 2610; x_wconf 90' lang='lat' dir='ltr'>suum</span> <span class='ocrx_word' id='word_1_107' title='bbox 1107 2560 1285 2614; x_wconf 77' lang='lat' dir='ltr'>mibtraserit.</span> <span class='ocrx_word' id='word_1_108' title='bbox 1311 2573 1374 2611; x_wconf 89' lang='lat' dir='ltr'>nem</span> <span class='ocrx_word' id='word_1_109' title='bbox 1391 2563 1442 2613; x_wconf 77' lang='lat' dir='ltr'>ets.</span> 
     </span>
     <span class='ocr_line' id='line_1_11' title="bbox 449 2636 2145 2715; baseline 0.004 -25"><span class='ocrx_word' id='word_1_110' title='bbox 449 2637 569 2708; x_wconf 78' lang='lat' dir='ltr'>August.</span> <span class='ocrx_word' id='word_1_111' title='bbox 588 2636 634 2693; x_wconf 92' lang='lat' dir='ltr'>lib.</span> <span class='ocrx_word' id='word_1_112' title='bbox 653 2644 677 2693; x_wconf 86' lang='grc'>1.</span> <span class='ocrx_word' id='word_1_113' title='bbox 697 2639 731 2693; x_wconf 88' lang='lat' dir='ltr'>de</span> <span class='ocrx_word' id='word_1_114' title='bbox 749 2638 818 2694; x_wconf 87' lang='lat' dir='ltr'>Gen.</span> <span class='ocrx_word' id='word_1_115' title='bbox 837 2640 930 2696; x_wconf 88' lang='lat' dir='ltr'>adlit.</span> <span class='ocrx_word' id='word_1_116' title='bbox 951 2659 973 2698; x_wconf 90' lang='lat' dir='ltr'>c.</span> <span class='ocrx_word' id='word_1_117' title='bbox 996 2647 1035 2698; x_wconf 81' lang='lat'>12.</span> <span class='ocrx_word' id='word_1_118' title='bbox 1068 2643 1226 2715; x_wconf 89' lang='lat' dir='ltr'>Utrumque</span> <span class='ocrx_word' id='word_1_119' title='bbox 1243 2651 1286 2700; x_wconf 89' lang='lat' dir='ltr'>est</span> <span class='ocrx_word' id='word_1_120' title='bbox 1347 2647 1369 2696; x_wconf 82' lang='lat'>5.</span> <span class='ocrx_word' id='word_1_121' title='bbox 1405 2640 1479 2696; x_wconf 88' lang='lat' dir='ltr'>Hinc</span> <span class='ocrx_word' id='word_1_122' title='bbox 1499 2641 1615 2697; x_wconf 68' lang='lat' dir='ltr'>Baitius</span> <span class='ocrx_word' id='word_1_123' title='bbox 1630 2643 1687 2715; x_wconf 80' lang='lat' dir='ltr'>lib.</span> <span class='ocrx_word' id='word_1_124' title='bbox 1713 2649 1736 2698; x_wconf 84' lang='lat'>3.</span> <span class='ocrx_word' id='word_1_125' title='bbox 1755 2660 1827 2714; x_wconf 89' lang='lat' dir='ltr'>pros.</span> <span class='ocrx_word' id='word_1_126' title='bbox 1851 2650 1895 2699; x_wconf 83' lang='lat'>12:</span> <span class='ocrx_word' id='word_1_127' title='bbox 1925 2645 2003 2699; x_wconf 83' lang='lat' dir='ltr'>Sicut</span> <span class='ocrx_word' id='word_1_128' title='bbox 2025 2644 2145 2697; x_wconf 78' lang='grc'><strong>1111111111</strong></span> 
     </span>
     <span class='ocr_line' id='line_1_12' title="bbox 448 2722 2146 2804; baseline 0.003 -28"><span class='ocrx_word' id='word_1_129' title='bbox 448 2722 512 2788; x_wconf 85' lang='lat' dir='ltr'>Dei,</span> <span class='ocrx_word' id='word_1_130' title='bbox 530 2726 620 2783; x_wconf 75' lang='grc' dir='ltr'><strong><em>καλῶς</em></strong></span> <span class='ocrx_word' id='word_1_131' title='bbox 638 2726 751 2791; x_wconf 75' lang='grc' dir='ltr'><strong><em>ποιῆσαι</em></strong></span> <span class='ocrx_word' id='word_1_132' title='bbox 768 2730 814 2778; x_wconf 75' lang='grc' dir='ltr'>καὶ</span> <span class='ocrx_word' id='word_1_133' title='bbox 832 2727 888 2780; x_wconf 79' lang='grc' dir='ltr'>τῶν</span> <span class='ocrx_word' id='word_1_134' title='bbox 904 2729 1064 2804; x_wconf 71' lang='grc' dir='ltr'><em>γενομένων</em></span> <span class='ocrx_word' id='word_1_135' title='bbox 1082 2732 1171 2791; x_wconf 79' lang='grc' dir='ltr'><strong><em>καλῶς</em></strong></span> <span class='ocrx_word' id='word_1_136' title='bbox 1190 2731 1285 2804; x_wconf 69' lang='grc' dir='ltr'><em>ἔγημε·</em></span> <span class='ocrx_word' id='word_1_137' title='bbox 1310 2727 1355 2780; x_wconf 79' lang='lat' dir='ltr'>itt&#39;c</span> <span class='ocrx_word' id='word_1_138' title='bbox 1375 2745 1408 2780; x_wconf 78' lang='lat' dir='ltr'>es</span> <span class='ocrx_word' id='word_1_139' title='bbox 1430 2736 1487 2781; x_wconf 89' lang='lat' dir='ltr'>tam</span> <span class='ocrx_word' id='word_1_140' title='bbox 1505 2729 1625 2782; x_wconf 79' lang='lat' dir='ltr'>diversis</span> <span class='ocrx_word' id='word_1_141' title='bbox 1643 2731 1849 2799; x_wconf 76' lang='lat' dir='ltr'>contrariisque</span> <span class='ocrx_word' id='word_1_142' title='bbox 1861 2730 1995 2798; x_wconf 85' lang='lat' dir='ltr'>partibus</span> <span class='ocrx_word' id='word_1_143' title='bbox 2013 2729 2043 2783; x_wconf 88' lang='lat' dir='ltr'>in</span> <span class='ocrx_word' id='word_1_144' title='bbox 2059 2744 2146 2782; x_wconf 84' lang='lat' dir='ltr'>unam</span> 
     </span>
     <span class='ocr_line' id='line_1_13' title="bbox 449 2809 2146 2868; baseline 0.004 -7"><span class='ocrx_word' id='word_1_145' title='bbox 449 2812 463 2861; x_wconf 79' lang='lat' dir='ltr'>l</span> <span class='ocrx_word' id='word_1_146' title='bbox 507 2810 565 2864; x_wconf 77' lang='lat' dir='ltr'>‘var</span> <span class='ocrx_word' id='word_1_147' title='bbox 594 2809 704 2865; x_wconf 86' lang='lat' dir='ltr'>Nemes.</span> <span class='ocrx_word' id='word_1_148' title='bbox 723 2827 746 2867; x_wconf 86' lang='lat' dir='ltr'>c.</span> <span class='ocrx_word' id='word_1_149' title='bbox 766 2818 805 2868; x_wconf 79' lang='lat'>42.</span> <span class='ocrx_word' id='word_1_150' title='bbox 1327 2832 1434 2866; x_wconf 87' lang='lat' dir='ltr'>ormam</span> <span class='ocrx_word' id='word_1_151' title='bbox 1458 2814 1570 2867; x_wconf 86' lang='lat' dir='ltr'>minime</span> <span class='ocrx_word' id='word_1_152' title='bbox 1593 2816 1763 2868; x_wconf 83' lang='lat' dir='ltr'>convenisset</span> <span class='ocrx_word' id='word_1_153' title='bbox 1803 2815 1860 2867; x_wconf 86' lang='lat' dir='ltr'>nisi</span> <span class='ocrx_word' id='word_1_154' title='bbox 1882 2833 1955 2867; x_wconf 88' lang='lat' dir='ltr'>unus</span> <span class='ocrx_word' id='word_1_155' title='bbox 1982 2822 2055 2868; x_wconf 69' lang='lat' dir='ltr'>essm</span> <span class='ocrx_word' id='word_1_156' title='bbox 2140 2814 2146 2827; x_wconf 87' lang='lat'>&#39;</span> 
     </span>
     <span class='ocr_line' id='line_1_14' title="bbox 258 2814 2144 2984; baseline 0.001 -34"><span class='ocrx_word' id='word_1_157' title='bbox 258 2874 259 2959; x_wconf 76' lang='grc'>1</span> <span class='ocrx_word' id='word_1_158' title='bbox 305 2892 364 2982; x_wconf 52' lang='lat'>{¹:2¹</span> <span class='ocrx_word' id='word_1_159' title='bbox 378 2903 427 2984; x_wconf 57' lang='lat' dir='ltr'>”ff</span> <span class='ocrx_word' id='word_1_160' title='bbox 465 2815 609 2950; x_wconf 47' lang='lat' dir='ltr'>niiSdnt</span> <span class='ocrx_word' id='word_1_161' title='bbox 633 2895 762 2967; x_wconf 84' lang='lat' dir='ltr'>quidam,</span> <span class='ocrx_word' id='word_1_162' title='bbox 786 2902 857 2952; x_wconf 89' lang='lat' dir='ltr'>teste</span> <span class='ocrx_word' id='word_1_163' title='bbox 880 2899 1038 2971; x_wconf 83' lang='lat' dir='ltr'>Augustino</span> <span class='ocrx_word' id='word_1_164' title='bbox 1058 2907 1082 2956; x_wconf 82' lang='lat'>5.</span> <span class='ocrx_word' id='word_1_165' title='bbox 1106 2902 1140 2955; x_wconf 88' lang='lat' dir='ltr'>de</span> <span class='ocrx_word' id='word_1_166' title='bbox 1158 2901 1229 2958; x_wconf 82' lang='lat' dir='ltr'>Gen.</span> <span class='ocrx_word' id='word_1_167' title='bbox 1248 2902 1284 2958; x_wconf 81' lang='lat' dir='ltr'>ad</span> <span class='ocrx_word' id='word_1_168' title='bbox 1304 2814 1367 2951; x_wconf 65' lang='lat' dir='ltr'>iam</span> <span class='ocrx_word' id='word_1_169' title='bbox 1386 2900 1499 2953; x_wconf 88' lang='lat' dir='ltr'>diversa</span> <span class='ocrx_word' id='word_1_170' title='bbox 1518 2899 1711 2967; x_wconf 78' lang='lat' dir='ltr'>conjunperet:</span> <span class='ocrx_word' id='word_1_171' title='bbox 1733 2854 1776 2952; x_wconf 74' lang='lat' dir='ltr'>itti</span> <span class='ocrx_word' id='word_1_172' title='bbox 1789 2900 1939 2969; x_wconf 84' lang='lat' dir='ltr'>conjuncta</span> <span class='ocrx_word' id='word_1_173' title='bbox 1952 2830 2144 2968; x_wconf 52' lang='grc' dir='ltr'>1111111111τέι</span> 
     </span>
     <span class='ocr_line' id='line_1_15' title="bbox 306 2955 2144 3061; baseline 0.003 -28"><span class='ocrx_word' id='word_1_174' title='bbox 306 2955 434 3044; x_wconf 61' lang='lat' dir='ltr'>sinir&#39;ipi-</span> <span class='ocrx_word' id='word_1_175' title='bbox 447 2979 489 3034; x_wconf 90' lang='lat' dir='ltr'>lit.</span> <span class='ocrx_word' id='word_1_176' title='bbox 515 2998 539 3061; x_wconf 56' lang='lat' dir='ltr'>c,</span> <span class='ocrx_word' id='word_1_177' title='bbox 569 2985 611 3037; x_wconf 80' lang='lat'>20.</span> <span class='ocrx_word' id='word_1_178' title='bbox 639 2981 688 3052; x_wconf 90' lang='lat' dir='ltr'>qui</span> <span class='ocrx_word' id='word_1_179' title='bbox 715 2980 898 3051; x_wconf 85' lang='lat' dir='ltr'>arbitrantur,</span> <span class='ocrx_word' id='word_1_180' title='bbox 930 2989 1119 3041; x_wconf 87' lang='lat' dir='ltr'>tantummodo</span> <span class='ocrx_word' id='word_1_181' title='bbox 1152 2989 1284 3041; x_wconf 88' lang='lat' dir='ltr'>mundum</span> <span class='ocrx_word' id='word_1_182' title='bbox 1309 3002 1373 3037; x_wconf 87' lang='lat' dir='ltr'>rum</span> <span class='ocrx_word' id='word_1_183' title='bbox 1392 2986 1542 3038; x_wconf 88' lang='lat' dir='ltr'>diversitas</span> <span class='ocrx_word' id='word_1_184' title='bbox 1562 2985 1679 3037; x_wconf 84' lang='lat' dir='ltr'>invicem</span> <span class='ocrx_word' id='word_1_185' title='bbox 1699 2985 1809 3038; x_wconf 88' lang='lat' dir='ltr'>discors</span> <span class='ocrx_word' id='word_1_186' title='bbox 1828 2985 2030 3038; x_wconf 78' lang='lat' dir='ltr'>dissociaretur</span> <span class='ocrx_word' id='word_1_187' title='bbox 2048 3001 2082 3038; x_wconf 88' lang='lat' dir='ltr'>nc</span> <span class='ocrx_word' id='word_1_188' title='bbox 2101 2985 2144 3037; x_wconf 83' lang='lat' dir='ltr'>di·</span> 
     </span>
     <span class='ocr_line' id='line_1_16' title="bbox 306 3048 2144 3142; baseline 0.004 -25"><span class='ocrx_word' id='word_1_189' title='bbox 306 3048 365 3087; x_wconf 71' lang='lat'><strong>¹‘⁶⁰·</strong></span> <span class='ocrx_word' id='word_1_190' title='bbox 448 3066 539 3136; x_wconf 85' lang='lat' dir='ltr'>ipsum</span> <span class='ocrx_word' id='word_1_191' title='bbox 563 3067 673 3133; x_wconf 81' lang='lat' dir='ltr'>sactum</span> <span class='ocrx_word' id='word_1_192' title='bbox 702 3086 720 3121; x_wconf 90' lang='lat' dir='ltr'>a</span> <span class='ocrx_word' id='word_1_193' title='bbox 745 3071 823 3138; x_wconf 88' lang='lat' dir='ltr'>Deo,</span> <span class='ocrx_word' id='word_1_194' title='bbox 853 3078 966 3125; x_wconf 74' lang='lat' dir='ltr'>canera</span> <span class='ocrx_word' id='word_1_195' title='bbox 984 3073 1048 3140; x_wconf 90' lang='lat' dir='ltr'>jam</span> <span class='ocrx_word' id='word_1_196' title='bbox 1069 3054 1136 3138; x_wconf 75' lang='lat' dir='ltr'>fieri</span> <span class='ocrx_word' id='word_1_197' title='bbox 1162 3075 1197 3126; x_wconf 88' lang='lat' dir='ltr'>ab</span> <span class='ocrx_word' id='word_1_198' title='bbox 1222 3073 1283 3142; x_wconf 82' lang='lat' dir='ltr'>ipm</span> <span class='ocrx_word' id='word_1_199' title='bbox 1310 3072 1470 3135; x_wconf 81' lang='lat' dir='ltr'>velleretur,</span> <span class='ocrx_word' id='word_1_200' title='bbox 1492 3072 1550 3124; x_wconf 90' lang='lat' dir='ltr'>nisi</span> <span class='ocrx_word' id='word_1_201' title='bbox 1567 3078 1637 3125; x_wconf 83' lang='lat' dir='ltr'>esset</span> <span class='ocrx_word' id='word_1_202' title='bbox 1654 3089 1744 3135; x_wconf 86' lang='lat' dir='ltr'>unus,</span> <span class='ocrx_word' id='word_1_203' title='bbox 1764 3071 1822 3140; x_wconf 74' lang='lat' dir='ltr'>qui,</span> <span class='ocrx_word' id='word_1_204' title='bbox 1841 3074 1918 3141; x_wconf 77' lang='lat' dir='ltr'>quod</span> <span class='ocrx_word' id='word_1_205' title='bbox 1933 3071 2037 3138; x_wconf 78' lang='grc'><strong>11111111,</strong></span> <span class='ocrx_word' id='word_1_206' title='bbox 2056 3071 2144 3125; x_wconf 79' lang='lat' dir='ltr'>corsti-</span> 
     </span>
     <span class='ocr_line' id='line_1_17' title="bbox 448 3154 2143 3227; baseline 0.005 -22"><span class='ocrx_word' id='word_1_207' title='bbox 448 3155 567 3222; x_wconf 85' lang='lat' dir='ltr'>munda,</span> <span class='ocrx_word' id='word_1_208' title='bbox 591 3154 663 3206; x_wconf 88' lang='lat' dir='ltr'>sicut</span> <span class='ocrx_word' id='word_1_209' title='bbox 681 3154 730 3207; x_wconf 81' lang='lat' dir='ltr'>dle</span> <span class='ocrx_word' id='word_1_210' title='bbox 749 3157 893 3209; x_wconf 84' lang='lat' dir='ltr'>ordinavit</span> <span class='ocrx_word' id='word_1_211' title='bbox 910 3165 936 3210; x_wconf 90' lang='lat' dir='ltr'>et</span> <span class='ocrx_word' id='word_1_212' title='bbox 949 3158 1051 3227; x_wconf 77' lang='lat' dir='ltr'>jussit,</span> <span class='ocrx_word' id='word_1_213' title='bbox 1078 3160 1173 3212; x_wconf 87' lang='lat' dir='ltr'>Deum</span> <span class='ocrx_word' id='word_1_214' title='bbox 1191 3166 1283 3213; x_wconf 88' lang='lat' dir='ltr'>autem</span> <span class='ocrx_word' id='word_1_215' title='bbox 1310 3166 1401 3219; x_wconf 86' lang='lat' dir='ltr'>neret,</span> <span class='ocrx_word' id='word_1_216' title='bbox 1427 3174 1476 3210; x_wconf 89' lang='lat' dir='ltr'>nec</span> <span class='ocrx_word' id='word_1_217' title='bbox 1502 3165 1558 3210; x_wconf 89' lang='lat' dir='ltr'>tom</span> <span class='ocrx_word' id='word_1_218' title='bbox 1582 3157 1734 3226; x_wconf 86' lang='lat' dir='ltr'>dispositos</span> <span class='ocrx_word' id='word_1_219' title='bbox 1752 3165 1842 3211; x_wconf 75' lang='lat' dir='ltr'>inatus</span> <span class='ocrx_word' id='word_1_220' title='bbox 1861 3157 1945 3227; x_wconf 69' lang='lat' dir='ltr'>locu,</span> <span class='ocrx_word' id='word_1_221' title='bbox 1966 3157 2143 3226; x_wconf 79' lang='lat' dir='ltr'>tenporibus,</span> 
     </span>
     <span class='ocr_line' id='line_1_18' title="bbox 448 3221 2143 3315; baseline 0.003 -25"><span class='ocrx_word' id='word_1_222' title='bbox 448 3239 540 3307; x_wconf 74' lang='lat' dir='ltr'>ipsimi</span> <span class='ocrx_word' id='word_1_223' title='bbox 564 3238 637 3292; x_wconf 81' lang='grc'><strong>1117111</strong></span> <span class='ocrx_word' id='word_1_224' title='bbox 660 3241 792 3309; x_wconf 86' lang='lat' dir='ltr'>operari,·</span> <span class='ocrx_word' id='word_1_225' title='bbox 820 3242 869 3297; x_wconf 87' lang='lat' dir='ltr'>sed</span> <span class='ocrx_word' id='word_1_226' title='bbox 897 3248 992 3297; x_wconf 84' lang='lat' dir='ltr'>contra</span> <span class='ocrx_word' id='word_1_227' title='bbox 1011 3243 1062 3297; x_wconf 89' lang='lat' dir='ltr'>hos</span> <span class='ocrx_word' id='word_1_228' title='bbox 1078 3244 1218 3315; x_wconf 79' lang='lat' dir='ltr'>profertur</span> <span class='ocrx_word' id='word_1_229' title='bbox 1235 3221 1284 3299; x_wconf 78' lang='lat' dir='ltr'>ilis</span> <span class='ocrx_word' id='word_1_230' title='bbox 1310 3244 1472 3312; x_wconf 82' lang='lat' dir='ltr'>efficientia,</span> <span class='ocrx_word' id='word_1_231' title='bbox 1490 3245 1600 3312; x_wconf 86' lang='lat' dir='ltr'>spatiis,</span> <span class='ocrx_word' id='word_1_232' title='bbox 1619 3244 1803 3312; x_wconf 72' lang='lat' dir='ltr'>pualuatibus</span> <span class='ocrx_word' id='word_1_233' title='bbox 1816 3244 1980 3313; x_wconf 75' lang='lat' dir='ltr'>euplicaret,</span> <span class='ocrx_word' id='word_1_234' title='bbox 1997 3243 2055 3297; x_wconf 84' lang='lat' dir='ltr'>nisi</span> <span class='ocrx_word' id='word_1_235' title='bbox 2070 3260 2143 3296; x_wconf 89' lang='lat' dir='ltr'>unus</span> 
     </span>
     <span class='ocr_line' id='line_1_19' title="bbox 447 3322 2237 3401; baseline 0.006 -24"><span class='ocrx_word' id='word_1_236' title='bbox 447 3322 585 3381; x_wconf 77' lang='grc'><strong>1111111111</strong></span> <span class='ocrx_word' id='word_1_237' title='bbox 601 3323 727 3382; x_wconf 88' lang='lat' dir='ltr'>Domini:</span> <span class='ocrx_word' id='word_1_238' title='bbox 755 3328 842 3382; x_wconf 89' lang='lat' dir='ltr'>Pater</span> <span class='ocrx_word' id='word_1_239' title='bbox 867 3345 942 3382; x_wconf 86' lang='lat' dir='ltr'>meus</span> <span class='ocrx_word' id='word_1_240' title='bbox 967 3347 1055 3400; x_wconf 72' lang='lat' dir='ltr'>usque</span> <span class='ocrx_word' id='word_1_241' title='bbox 1074 3331 1167 3384; x_wconf 78' lang='lat' dir='ltr'>adbuc</span> <span class='ocrx_word' id='word_1_242' title='bbox 1185 3349 1283 3401; x_wconf 84' lang='lat' dir='ltr'>opera·</span> <span class='ocrx_word' id='word_1_243' title='bbox 1310 3339 1393 3399; x_wconf 81' lang='grc'><strong>11111,</strong></span> <span class='ocrx_word' id='word_1_244' title='bbox 1420 3330 1469 3399; x_wconf 81' lang='lat' dir='ltr'>qui</span> <span class='ocrx_word' id='word_1_245' title='bbox 1490 3329 1542 3383; x_wconf 84' lang='lat' dir='ltr'>bas</span> <span class='ocrx_word' id='word_1_246' title='bbox 1567 3331 1750 3384; x_wconf 78' lang='lat' dir='ltr'>mutationum</span> <span class='ocrx_word' id='word_1_247' title='bbox 1772 3329 1922 3383; x_wconf 85' lang='lat' dir='ltr'>varietates</span> <span class='ocrx_word' id='word_1_248' title='bbox 1948 3346 2061 3384; x_wconf 77' lang='lat' dir='ltr'>inanem</span> <span class='ocrx_word' id='word_1_249' title='bbox 2082 3329 2143 3400; x_wconf 66' lang='lat' dir='ltr'>ipse</span> <span class='ocrx_word' id='word_1_250' title='bbox 2155 3343 2190 3386; x_wconf 79' lang='grc'>11.</span> <span class='ocrx_word' id='word_1_251' title='bbox 2203 3342 2237 3386; x_wconf 73' lang='lat' dir='ltr'>tt</span> 
     </span>
     <span class='ocr_line' id='line_1_20' title="bbox 445 3413 2142 3485; baseline 0.003 -22"><span class='ocrx_word' id='word_1_252' title='bbox 445 3419 507 3481; x_wconf 90' lang='lat' dir='ltr'>tur,</span> <span class='ocrx_word' id='word_1_253' title='bbox 539 3420 564 3465; x_wconf 92' lang='lat' dir='ltr'>et</span> <span class='ocrx_word' id='word_1_254' title='bbox 592 3430 642 3481; x_wconf 76' lang='lat' dir='ltr'>epo</span> <span class='ocrx_word' id='word_1_255' title='bbox 669 3430 777 3484; x_wconf 84' lang='lat' dir='ltr'>operor.</span> <span class='ocrx_word' id='word_1_256' title='bbox 822 3414 856 3467; x_wconf 80' lang='lat' dir='ltr'>Si</span> <span class='ocrx_word' id='word_1_257' title='bbox 881 3415 954 3467; x_wconf 86' lang='lat' dir='ltr'>enim</span> <span class='ocrx_word' id='word_1_258' title='bbox 982 3418 1076 3483; x_wconf 84' lang='lat' dir='ltr'>naris,</span> <span class='ocrx_word' id='word_1_259' title='bbox 1108 3418 1283 3485; x_wconf 76' lang='lat' dir='ltr'>quantumvis</span> <span class='ocrx_word' id='word_1_260' title='bbox 1310 3416 1479 3484; x_wconf 81' lang='lat' dir='ltr'>disponeret.</span> <span class='ocrx_word' id='word_1_261' title='bbox 1525 3413 1631 3469; x_wconf 85' lang='lat' dir='ltr'>Eodem</span> <span class='ocrx_word' id='word_1_262' title='bbox 1656 3432 1739 3469; x_wconf 87' lang='lat' dir='ltr'>sensu</span> <span class='ocrx_word' id='word_1_263' title='bbox 1764 3414 1930 3470; x_wconf 81' lang='lat' dir='ltr'>Theodorei.</span> <span class='ocrx_word' id='word_1_264' title='bbox 1959 3422 2027 3471; x_wconf 87' lang='lat' dir='ltr'>orat.</span> <span class='ocrx_word' id='word_1_265' title='bbox 2057 3419 2080 3470; x_wconf 89' lang='lat'>1.</span> <span class='ocrx_word' id='word_1_266' title='bbox 2107 3413 2142 3469; x_wconf 88' lang='lat' dir='ltr'>de</span> 
     </span>
     <span class='ocr_line' id='line_1_21' title="bbox 258 3498 2142 3571; baseline 0.002 -22"><span class='ocrx_word' id='word_1_267' title='bbox 258 3501 260 3540; x_wconf 76' lang='grc'>1</span> <span class='ocrx_word' id='word_1_268' title='bbox 440 3498 529 3567; x_wconf 73' lang='lat' dir='ltr'>firma</span> <span class='ocrx_word' id='word_1_269' title='bbox 547 3505 574 3551; x_wconf 85' lang='lat' dir='ltr'>et</span> <span class='ocrx_word' id='word_1_270' title='bbox 592 3498 738 3568; x_wconf 84' lang='lat' dir='ltr'>instructa,</span> <span class='ocrx_word' id='word_1_271' title='bbox 756 3507 848 3553; x_wconf 87' lang='lat' dir='ltr'>tamen</span> <span class='ocrx_word' id='word_1_272' title='bbox 866 3500 896 3552; x_wconf 88' lang='lat' dir='ltr'>in</span> <span class='ocrx_word' id='word_1_273' title='bbox 908 3502 1042 3569; x_wconf 70' lang='lat' dir='ltr'>fluctibus</span> <span class='ocrx_word' id='word_1_274' title='bbox 1059 3504 1209 3556; x_wconf 84' lang='lat' dir='ltr'>consistere</span> <span class='ocrx_word' id='word_1_275' title='bbox 1222 3505 1283 3557; x_wconf 84' lang='lat' dir='ltr'>sine</span> <span class='ocrx_word' id='word_1_276' title='bbox 1309 3501 1480 3571; x_wconf 84' lang='lat' dir='ltr'>provident:</span> <span class='ocrx_word' id='word_1_277' title='bbox 1517 3499 1700 3555; x_wconf 80' lang='lat' dir='ltr'>Considerate</span> <span class='ocrx_word' id='word_1_278' title='bbox 1717 3501 1869 3554; x_wconf 79' lang='lat' dir='ltr'>visibilium</span> <span class='ocrx_word' id='word_1_279' title='bbox 1887 3509 2034 3569; x_wconf 89' lang='lat' dir='ltr'>naturam,</span> <span class='ocrx_word' id='word_1_280' title='bbox 2051 3501 2142 3568; x_wconf 79' lang='grc'><strong>11111111,</strong></span> 
     </span>
     <span class='ocr_line' id='line_1_22' title="bbox 258 3559 2142 3655; baseline 0 -18"><span class='ocrx_word' id='word_1_281' title='bbox 258 3559 259 3622; x_wconf 64' lang='lat' dir='ltr'>i</span> <span class='ocrx_word' id='word_1_282' title='bbox 446 3584 631 3650; x_wconf 65' lang='lat' dir='ltr'>pubmnatore</span> <span class='ocrx_word' id='word_1_283' title='bbox 648 3603 703 3638; x_wconf 92' lang='lat' dir='ltr'>non</span> <span class='ocrx_word' id='word_1_284' title='bbox 715 3593 823 3653; x_wconf 81' lang='lat' dir='ltr'>potest:</span> <span class='ocrx_word' id='word_1_285' title='bbox 848 3595 952 3654; x_wconf 72' lang='lat' dir='ltr'>quarite</span> <span class='ocrx_word' id='word_1_286' title='bbox 968 3588 1061 3648; x_wconf 81' lang='lat' dir='ltr'>minus</span> <span class='ocrx_word' id='word_1_287' title='bbox 1082 3589 1157 3642; x_wconf 75' lang='lat' dir='ltr'>orbeis</span> <span class='ocrx_word' id='word_1_288' title='bbox 1174 3590 1283 3642; x_wconf 85' lang='lat' dir='ltr'>univer·</span> <span class='ocrx_word' id='word_1_289' title='bbox 1309 3587 1445 3655; x_wconf 80' lang='lat' dir='ltr'>ordinem,</span> <span class='ocrx_word' id='word_1_290' title='bbox 1463 3594 1574 3654; x_wconf 71' lang='lat' dir='ltr'>statum</span> <span class='ocrx_word' id='word_1_291' title='bbox 1593 3594 1705 3653; x_wconf 88' lang='lat' dir='ltr'>motum,</span> <span class='ocrx_word' id='word_1_292' title='bbox 1724 3587 1942 3653; x_wconf 86' lang='lat' dir='ltr'>consonantiam,</span> <span class='ocrx_word' id='word_1_293' title='bbox 1955 3586 2142 3655; x_wconf 74' lang='lat' dir='ltr'>bonnoniam,</span> 
     </span>
     <span class='ocr_line' id='line_1_23' title="bbox 258 3664 2143 3740; baseline 0.001 -18"><span class='ocrx_word' id='word_1_294' title='bbox 258 3665 259 3670; x_wconf 64' lang='grc'>’</span> <span class='ocrx_word' id='word_1_295' title='bbox 448 3686 495 3721; x_wconf 85' lang='lat' dir='ltr'>sus</span> <span class='ocrx_word' id='word_1_296' title='bbox 518 3678 645 3723; x_wconf 82' lang='lat' dir='ltr'>constare</span> <span class='ocrx_word' id='word_1_297' title='bbox 663 3679 757 3739; x_wconf 86' lang='lat' dir='ltr'>potest</span> <span class='ocrx_word' id='word_1_298' title='bbox 779 3672 839 3724; x_wconf 86' lang='lat' dir='ltr'>sine</span> <span class='ocrx_word' id='word_1_299' title='bbox 863 3689 933 3725; x_wconf 87' lang='lat' dir='ltr'>cura</span> <span class='ocrx_word' id='word_1_300' title='bbox 958 3681 983 3725; x_wconf 91' lang='lat' dir='ltr'>ct</span> <span class='ocrx_word' id='word_1_301' title='bbox 1001 3673 1199 3740; x_wconf 76' lang='lat' dir='ltr'>pubernationc</span> <span class='ocrx_word' id='word_1_302' title='bbox 1217 3676 1281 3729; x_wconf 88' lang='lat' dir='ltr'>Dei.</span> <span class='ocrx_word' id='word_1_303' title='bbox 1299 3664 1490 3739; x_wconf 58' lang='lat' dir='ltr'>‘venustatem</span> <span class='ocrx_word' id='word_1_304' title='bbox 1515 3671 1772 3740; x_wconf 75' lang='lat' dir='ltr'>pulchritudinem,</span> <span class='ocrx_word' id='word_1_305' title='bbox 1797 3690 1897 3737; x_wconf 86' lang='lat' dir='ltr'>usum,</span> <span class='ocrx_word' id='word_1_306' title='bbox 1923 3670 2143 3740; x_wconf 86' lang='lat' dir='ltr'>oblectationem,</span> 
     </span>
     <span class='ocr_line' id='line_1_24' title="bbox 448 3752 2142 3828; baseline -0.001 -17"><span class='ocrx_word' id='word_1_307' title='bbox 448 3752 589 3825; x_wconf 70' lang='lat' dir='ltr'>Chrysam</span> <span class='ocrx_word' id='word_1_308' title='bbox 607 3753 678 3810; x_wconf 89' lang='lat' dir='ltr'>hom.</span> <span class='ocrx_word' id='word_1_309' title='bbox 701 3761 739 3812; x_wconf 85' lang='grc'>19.</span> <span class='ocrx_word' id='word_1_310' title='bbox 761 3756 790 3810; x_wconf 95' lang='lat' dir='ltr'>in</span> <span class='ocrx_word' id='word_1_311' title='bbox 809 3758 888 3828; x_wconf 87' lang='lat' dir='ltr'>epist.</span> <span class='ocrx_word' id='word_1_312' title='bbox 906 3757 1008 3828; x_wconf 85' lang='lat' dir='ltr'>Ephes.</span> <span class='ocrx_word' id='word_1_313' title='bbox 1307 3759 1478 3820; x_wconf 75' lang='lat' dir='ltr'>variantem,</span> <span class='ocrx_word' id='word_1_314' title='bbox 1495 3757 1701 3824; x_wconf 83' lang='lat' dir='ltr'>alterationem,</span> <span class='ocrx_word' id='word_1_315' title='bbox 1716 3758 1944 3824; x_wconf 82' lang='lat' dir='ltr'>permansionem</span> <span class='ocrx_word' id='word_1_316' title='bbox 1961 3758 1991 3809; x_wconf 88' lang='lat' dir='ltr'>in</span> <span class='ocrx_word' id='word_1_317' title='bbox 2005 3755 2142 3826; x_wconf 83' lang='lat' dir='ltr'>corrupti·</span> 
     </span>
     <span class='ocr_line' id='line_1_25' title="bbox 308 3839 2143 3922; baseline -0.001 -26"><span class='ocrx_word' id='word_1_318' title='bbox 308 3839 368 3879; x_wconf 65' lang='lat'>¹¹⁸⁰</span> <span class='ocrx_word' id='word_1_319' title='bbox 384 3844 421 3905; x_wconf 55' lang='lat'>2¹¹</span> <span class='ocrx_word' id='word_1_320' title='bbox 482 3844 506 3895; x_wconf 78' lang='lat' dir='ltr'>t.</span> <span class='ocrx_word' id='word_1_321' title='bbox 532 3841 688 3913; x_wconf 87' lang='lat' dir='ltr'>Utrumque</span> <span class='ocrx_word' id='word_1_322' title='bbox 706 3843 851 3913; x_wconf 81' lang='lat' dir='ltr'>conjungit</span> <span class='ocrx_word' id='word_1_323' title='bbox 868 3843 1019 3915; x_wconf 83' lang='lat' dir='ltr'>Scriptura,</span> <span class='ocrx_word' id='word_1_324' title='bbox 1038 3850 1187 3922; x_wconf 74' lang='lat' dir='ltr'>ptrumque</span> <span class='ocrx_word' id='word_1_325' title='bbox 1204 3845 1281 3900; x_wconf 88' lang='lat' dir='ltr'>fideli</span> <span class='ocrx_word' id='word_1_326' title='bbox 1309 3844 1419 3897; x_wconf 83' lang='lat' dir='ltr'>bilibus.</span> <span class='ocrx_word' id='word_1_327' title='bbox 1449 3842 1570 3895; x_wconf 72' lang='lat' dir='ltr'>Cercitis</span> <span class='ocrx_word' id='word_1_328' title='bbox 1577 3843 1787 3909; x_wconf 84' lang='lat' dir='ltr'>providentiam</span> <span class='ocrx_word' id='word_1_329' title='bbox 1799 3844 1860 3896; x_wconf 83' lang='lat' dir='ltr'>Dei</span> <span class='ocrx_word' id='word_1_330' title='bbox 1876 3844 1904 3895; x_wconf 87' lang='lat' dir='ltr'>in</span> <span class='ocrx_word' id='word_1_331' title='bbox 1922 3843 2045 3912; x_wconf 78' lang='lat' dir='ltr'>qualibet</span> <span class='ocrx_word' id='word_1_332' title='bbox 2059 3850 2143 3912; x_wconf 85' lang='lat' dir='ltr'>parte</span> 
     </span>
     <span class='ocr_line' id='line_1_26' title="bbox 305 3907 2143 4012; baseline 0.001 -33"><span class='ocrx_word' id='word_1_333' title='bbox 305 3907 412 4012; x_wconf 39' lang='grc' dir='ltr'>ἔπῃ</span> <span class='ocrx_word' id='word_1_334' title='bbox 447 3924 529 3981; x_wconf 86' lang='lat' dir='ltr'>corde</span> <span class='ocrx_word' id='word_1_335' title='bbox 551 3927 733 3997; x_wconf 84' lang='lat' dir='ltr'>credendum,</span> <span class='ocrx_word' id='word_1_336' title='bbox 760 3928 851 3982; x_wconf 89' lang='lat' dir='ltr'>Deum</span> <span class='ocrx_word' id='word_1_337' title='bbox 875 3946 934 3984; x_wconf 88' lang='lat' dir='ltr'>esse</span> <span class='ocrx_word' id='word_1_338' title='bbox 958 3928 1082 3997; x_wconf 76' lang='grc' dir='ltr'>κιισιήν,</span> <span class='ocrx_word' id='word_1_339' title='bbox 1109 3929 1200 3985; x_wconf 91' lang='lat' dir='ltr'>Deum</span> <span class='ocrx_word' id='word_1_340' title='bbox 1221 3947 1281 3987; x_wconf 86' lang='lat' dir='ltr'>csse</span> <span class='ocrx_word' id='word_1_341' title='bbox 1308 3931 1458 3983; x_wconf 85' lang='lat' dir='ltr'>creationis</span> <span class='ocrx_word' id='word_1_342' title='bbox 1482 3929 1669 3991; x_wconf 83' lang='lat' dir='ltr'>manifestam.</span> <span class='ocrx_word' id='word_1_343' title='bbox 1708 3927 1830 3981; x_wconf 81' lang='lat' dir='ltr'>Oerrn&#39;tis</span> <span class='ocrx_word' id='word_1_344' title='bbox 1853 3929 1946 3997; x_wconf 84' lang='lat' dir='ltr'>ipsam</span> <span class='ocrx_word' id='word_1_345' title='bbox 1967 3929 2093 3983; x_wconf 87' lang='lat' dir='ltr'>incaelo</span> <span class='ocrx_word' id='word_1_346' title='bbox 2118 3936 2143 3981; x_wconf 90' lang='lat' dir='ltr'>et</span> 
     </span>
     <span class='ocr_line' id='line_1_27' title="bbox 258 4010 2144 4099; baseline 0.001 -33"><span class='ocrx_word' id='word_1_347' title='bbox 258 4077 259 4082; x_wconf 13' lang='lat'>¹</span> <span class='ocrx_word' id='word_1_348' title='bbox 303 4024 406 4099; x_wconf 42' lang='lat' dir='ltr'>mni,</span> <span class='ocrx_word' id='word_1_349' title='bbox 448 4010 611 4085; x_wconf 74' lang='lat' dir='ltr'>nporomrir.</span> <span class='ocrx_word' id='word_1_350' title='bbox 648 4015 685 4067; x_wconf 91' lang='lat' dir='ltr'>In</span> <span class='ocrx_word' id='word_1_351' title='bbox 704 4032 789 4067; x_wconf 88' lang='lat' dir='ltr'>manu</span> <span class='ocrx_word' id='word_1_352' title='bbox 806 4015 900 4084; x_wconf 80' lang='lat' dir='ltr'>istius,</span> <span class='ocrx_word' id='word_1_353' title='bbox 927 4017 977 4085; x_wconf 79' lang='lat' dir='ltr'>qui</span> <span class='ocrx_word' id='word_1_354' title='bbox 991 4017 1193 4085; x_wconf 66' lang='lat' dir='ltr'>semiannis,</span> <span class='ocrx_word' id='word_1_355' title='bbox 1217 4017 1281 4072; x_wconf 83' lang='lat' dir='ltr'>Job.</span> <span class='ocrx_word' id='word_1_356' title='bbox 1309 4015 1495 4069; x_wconf 83' lang='lat' dir='ltr'>lurninaribus</span> <span class='ocrx_word' id='word_1_357' title='bbox 1508 4015 1588 4081; x_wconf 88' lang='lat' dir='ltr'>coeli,</span> <span class='ocrx_word' id='word_1_358' title='bbox 1608 4016 1676 4083; x_wconf 86' lang='lat' dir='ltr'>sole,</span> <span class='ocrx_word' id='word_1_359' title='bbox 1697 4016 1765 4068; x_wconf 89' lang='lat' dir='ltr'>luna</span> <span class='ocrx_word' id='word_1_360' title='bbox 1784 4024 1808 4066; x_wconf 88' lang='lat' dir='ltr'>et</span> <span class='ocrx_word' id='word_1_361' title='bbox 1827 4016 1893 4068; x_wconf 85' lang='lat' dir='ltr'>aliis</span> <span class='ocrx_word' id='word_1_362' title='bbox 1907 4015 2003 4080; x_wconf 85' lang='lat' dir='ltr'>astris,</span> <span class='ocrx_word' id='word_1_363' title='bbox 2021 4016 2051 4067; x_wconf 94' lang='lat' dir='ltr'>in</span> <span class='ocrx_word' id='word_1_364' title='bbox 2068 4021 2144 4080; x_wconf 74' lang='lat' dir='ltr'>atre,</span> 
     </span>
     <span class='ocr_line' id='line_1_28' title="bbox 452 4100 2228 4171; baseline 0 -19"><span class='ocrx_word' id='word_1_365' title='bbox 452 4103 495 4166; x_wconf 82' lang='lat'>12,</span> <span class='ocrx_word' id='word_1_366' title='bbox 517 4115 542 4153; x_wconf 80' lang='grc'>1.</span> <span class='ocrx_word' id='word_1_367' title='bbox 561 4104 592 4168; x_wconf 82' lang='grc'>9,</span> <span class='ocrx_word' id='word_1_368' title='bbox 617 4107 658 4153; x_wconf 86' lang='lat' dir='ltr'>est</span> <span class='ocrx_word' id='word_1_369' title='bbox 681 4100 777 4152; x_wconf 64' lang='lat' dir='ltr'>bruma</span> <span class='ocrx_word' id='word_1_370' title='bbox 796 4102 886 4154; x_wconf 89' lang='lat' dir='ltr'>omnis</span> <span class='ocrx_word' id='word_1_371' title='bbox 902 4102 1020 4155; x_wconf 82' lang='lat' dir='ltr'>viventis</span> <span class='ocrx_word' id='word_1_372' title='bbox 1039 4109 1064 4154; x_wconf 87' lang='lat' dir='ltr'>et</span> <span class='ocrx_word' id='word_1_373' title='bbox 1082 4103 1201 4171; x_wconf 84' lang='lat' dir='ltr'>spiritus</span> <span class='ocrx_word' id='word_1_374' title='bbox 1220 4104 1282 4156; x_wconf 87' lang='lat' dir='ltr'>uni·</span> <span class='ocrx_word' id='word_1_375' title='bbox 1308 4101 1338 4153; x_wconf 86' lang='lat' dir='ltr'>in</span> <span class='ocrx_word' id='word_1_376' title='bbox 1354 4101 1485 4168; x_wconf 86' lang='lat' dir='ltr'>nubibus,</span> <span class='ocrx_word' id='word_1_377' title='bbox 1506 4102 1537 4153; x_wconf 92' lang='lat' dir='ltr'>in</span> <span class='ocrx_word' id='word_1_378' title='bbox 1554 4108 1640 4168; x_wconf 87' lang='lat' dir='ltr'>terra,</span> <span class='ocrx_word' id='word_1_379' title='bbox 1659 4102 1691 4153; x_wconf 90' lang='lat' dir='ltr'>in</span> <span class='ocrx_word' id='word_1_380' title='bbox 1708 4101 1791 4168; x_wconf 84' lang='lat' dir='ltr'>suari,</span> <span class='ocrx_word' id='word_1_381' title='bbox 1811 4100 1841 4152; x_wconf 89' lang='lat' dir='ltr'>in</span> <span class='ocrx_word' id='word_1_382' title='bbox 1854 4102 1974 4169; x_wconf 87' lang='lat' dir='ltr'>plantis,</span> <span class='ocrx_word' id='word_1_383' title='bbox 1994 4102 2023 4152; x_wconf 88' lang='lat' dir='ltr'>in</span> <span class='ocrx_word' id='word_1_384' title='bbox 2042 4100 2143 4167; x_wconf 76' lang='lat' dir='ltr'>herbis,</span> <span class='ocrx_word' id='word_1_385' title='bbox 2222 4159 2228 4163; x_wconf 53' lang='grc'><strong>,</strong></span> 
     </span>
     <span class='ocr_line' id='line_1_29' title="bbox 448 4186 2140 4258; baseline 0.002 -22"><span class='ocrx_word' id='word_1_386' title='bbox 448 4199 545 4238; x_wconf 78' lang='lat' dir='ltr'>versae</span> <span class='ocrx_word' id='word_1_387' title='bbox 563 4186 673 4254; x_wconf 86' lang='lat' dir='ltr'>carnis,</span> <span class='ocrx_word' id='word_1_388' title='bbox 698 4202 723 4239; x_wconf 81' lang='grc'>1.</span> <span class='ocrx_word' id='word_1_389' title='bbox 746 4192 785 4241; x_wconf 87' lang='grc'>10.</span> <span class='ocrx_word' id='word_1_390' title='bbox 819 4186 875 4248; x_wconf 83' lang='lat' dir='ltr'>Qui</span> <span class='ocrx_word' id='word_1_391' title='bbox 890 4188 966 4253; x_wconf 85' lang='lat' dir='ltr'>fecit</span> <span class='ocrx_word' id='word_1_392' title='bbox 983 4190 1118 4241; x_wconf 91' lang='lat' dir='ltr'>mundum</span> <span class='ocrx_word' id='word_1_393' title='bbox 1136 4197 1161 4242; x_wconf 90' lang='lat' dir='ltr'>et</span> <span class='ocrx_word' id='word_1_394' title='bbox 1179 4190 1281 4258; x_wconf 83' lang='lat' dir='ltr'>omnia,</span> <span class='ocrx_word' id='word_1_395' title='bbox 1307 4188 1337 4240; x_wconf 89' lang='lat' dir='ltr'>in</span> <span class='ocrx_word' id='word_1_396' title='bbox 1355 4188 1512 4255; x_wconf 81' lang='lat' dir='ltr'>seminibus,</span> <span class='ocrx_word' id='word_1_397' title='bbox 1532 4188 1562 4239; x_wconf 90' lang='lat' dir='ltr'>in</span> <span class='ocrx_word' id='word_1_398' title='bbox 1580 4186 1750 4239; x_wconf 78' lang='lat' dir='ltr'>animalibus</span> <span class='ocrx_word' id='word_1_399' title='bbox 1768 4193 1825 4237; x_wconf 88' lang='lat' dir='ltr'>tarn</span> <span class='ocrx_word' id='word_1_400' title='bbox 1842 4186 2036 4256; x_wconf 85' lang='lat' dir='ltr'>rationalibus,</span> <span class='ocrx_word' id='word_1_401' title='bbox 2055 4204 2140 4256; x_wconf 80' lang='lat' dir='ltr'>quam</span> 
     </span>
     <span class='ocr_line' id='line_1_30' title="bbox 371 4269 2144 4343; baseline -0.001 -17"><span class='ocrx_word' id='word_1_402' title='bbox 371 4323 373 4326; x_wconf 88' lang='lat'>.</span> <span class='ocrx_word' id='word_1_403' title='bbox 449 4288 520 4339; x_wconf 76' lang='lat' dir='ltr'>quas</span> <span class='ocrx_word' id='word_1_404' title='bbox 538 4271 569 4323; x_wconf 88' lang='lat' dir='ltr'>in</span> <span class='ocrx_word' id='word_1_405' title='bbox 587 4288 618 4325; x_wconf 88' lang='lat' dir='ltr'>eo</span> <span class='ocrx_word' id='word_1_406' title='bbox 637 4279 716 4336; x_wconf 88' lang='lat' dir='ltr'>sunt,</span> <span class='ocrx_word' id='word_1_407' title='bbox 741 4271 803 4325; x_wconf 81' lang='lat' dir='ltr'>Act.</span> <span class='ocrx_word' id='word_1_408' title='bbox 828 4278 867 4339; x_wconf 82' lang='grc'>11,</span> <span class='ocrx_word' id='word_1_409' title='bbox 885 4290 911 4325; x_wconf 89' lang='lat' dir='ltr'>v.</span> <span class='ocrx_word' id='word_1_410' title='bbox 931 4278 976 4341; x_wconf 79' lang='lat'>24,</span> <span class='ocrx_word' id='word_1_411' title='bbox 1005 4273 1067 4343; x_wconf 77' lang='lat' dir='ltr'>ipse</span> <span class='ocrx_word' id='word_1_412' title='bbox 1087 4276 1139 4327; x_wconf 87' lang='lat' dir='ltr'>dat</span> <span class='ocrx_word' id='word_1_413' title='bbox 1157 4276 1282 4328; x_wconf 84' lang='lat' dir='ltr'>omnibus</span> <span class='ocrx_word' id='word_1_414' title='bbox 1308 4273 1534 4341; x_wconf 84' lang='lat' dir='ltr'>irrationalibus,</span> <span class='ocrx_word' id='word_1_415' title='bbox 1547 4272 1732 4342; x_wconf 84' lang='lat' dir='ltr'>pedestribus,</span> <span class='ocrx_word' id='word_1_416' title='bbox 1751 4269 1920 4338; x_wconf 83' lang='lat' dir='ltr'>volatilibus,</span> <span class='ocrx_word' id='word_1_417' title='bbox 1938 4271 1969 4323; x_wconf 85' lang='lat' dir='ltr'>in</span> <span class='ocrx_word' id='word_1_418' title='bbox 1980 4269 2144 4325; x_wconf 69' lang='lat' dir='ltr'>muntem</span> 
     </span>
     <span class='ocr_line' id='line_1_31' title="bbox 448 4356 2143 4431; baseline 0.001 -23"><span class='ocrx_word' id='word_1_419' title='bbox 448 4356 532 4408; x_wconf 72' lang='lat' dir='ltr'>ostam</span> <span class='ocrx_word' id='word_1_420' title='bbox 563 4362 589 4410; x_wconf 83' lang='lat' dir='ltr'>et</span> <span class='ocrx_word' id='word_1_421' title='bbox 614 4357 828 4425; x_wconf 85' lang='lat' dir='ltr'>inspirationem</span> <span class='ocrx_word' id='word_1_422' title='bbox 851 4366 878 4411; x_wconf 91' lang='lat' dir='ltr'>et</span> <span class='ocrx_word' id='word_1_423' title='bbox 902 4360 1010 4423; x_wconf 83' lang='lat' dir='ltr'>omnia,</span> <span class='ocrx_word' id='word_1_424' title='bbox 1036 4376 1062 4413; x_wconf 82' lang='grc'>1.</span> <span class='ocrx_word' id='word_1_425' title='bbox 1086 4366 1134 4427; x_wconf 82' lang='grc'>25;</span> <span class='ocrx_word' id='word_1_426' title='bbox 1165 4362 1195 4413; x_wconf 94' lang='lat' dir='ltr'>in</span> <span class='ocrx_word' id='word_1_427' title='bbox 1219 4362 1282 4431; x_wconf 83' lang='lat' dir='ltr'>ipso</span> <span class='ocrx_word' id='word_1_428' title='bbox 1309 4368 1334 4412; x_wconf 87' lang='lat' dir='ltr'>et</span> <span class='ocrx_word' id='word_1_429' title='bbox 1357 4360 1510 4429; x_wconf 84' lang='lat' dir='ltr'>reptilibus.</span> <span class='ocrx_word' id='word_1_430' title='bbox 1548 4357 1672 4426; x_wconf 75' lang='lat' dir='ltr'>Capitate</span> <span class='ocrx_word' id='word_1_431' title='bbox 1690 4359 1771 4425; x_wconf 84' lang='lat' dir='ltr'>apud</span> <span class='ocrx_word' id='word_1_432' title='bbox 1788 4364 1890 4410; x_wconf 85' lang='lat' dir='ltr'>uosmet</span> <span class='ocrx_word' id='word_1_433' title='bbox 1909 4357 2001 4424; x_wconf 71' lang='lat' dir='ltr'>ipsos,</span> <span class='ocrx_word' id='word_1_434' title='bbox 2025 4358 2089 4426; x_wconf 76' lang='lat' dir='ltr'>quis</span> <span class='ocrx_word' id='word_1_435' title='bbox 2106 4358 2143 4409; x_wconf 80' lang='lat' dir='ltr'>sit</span> 
     </span>
     <span class='ocr_line' id='line_1_32' title="bbox 448 4441 2142 4512; baseline 0.001 -18"><span class='ocrx_word' id='word_1_436' title='bbox 448 4441 570 4507; x_wconf 77' lang='grc'><strong>1111111111,</strong></span> <span class='ocrx_word' id='word_1_437' title='bbox 589 4457 729 4496; x_wconf 77' lang='grc'><strong>1111111111</strong></span> <span class='ocrx_word' id='word_1_438' title='bbox 747 4451 774 4497; x_wconf 90' lang='lat' dir='ltr'>et</span> <span class='ocrx_word' id='word_1_439' title='bbox 791 4462 893 4512; x_wconf 89' lang='lat' dir='ltr'>sumus,</span> <span class='ocrx_word' id='word_1_440' title='bbox 914 4461 940 4498; x_wconf 84' lang='lat' dir='ltr'>v.</span> <span class='ocrx_word' id='word_1_441' title='bbox 950 4450 992 4501; x_wconf 79' lang='lat'>28.</span> <span class='ocrx_word' id='word_1_442' title='bbox 1018 4445 1073 4507; x_wconf 83' lang='lat' dir='ltr'>Qui</span> <span class='ocrx_word' id='word_1_443' title='bbox 1083 4446 1159 4512; x_wconf 86' lang='lat' dir='ltr'>fecit</span> <span class='ocrx_word' id='word_1_444' title='bbox 1176 4447 1282 4500; x_wconf 86' lang='lat' dir='ltr'>coelum</span> <span class='ocrx_word' id='word_1_445' title='bbox 1308 4447 1451 4500; x_wconf 85' lang='lat' dir='ltr'>continens</span> <span class='ocrx_word' id='word_1_446' title='bbox 1472 4444 1598 4499; x_wconf 87' lang='lat' dir='ltr'>coelestis</span> <span class='ocrx_word' id='word_1_447' title='bbox 1616 4443 1745 4512; x_wconf 84' lang='lat' dir='ltr'>apsidas,</span> <span class='ocrx_word' id='word_1_448' title='bbox 1776 4443 1853 4512; x_wconf 75' lang='lat' dir='ltr'>quod</span> <span class='ocrx_word' id='word_1_449' title='bbox 1868 4449 1907 4495; x_wconf 89' lang='lat' dir='ltr'>tot</span> <span class='ocrx_word' id='word_1_450' title='bbox 1926 4443 2037 4495; x_wconf 87' lang='lat' dir='ltr'>milibus</span> <span class='ocrx_word' id='word_1_451' title='bbox 2056 4459 2142 4496; x_wconf 89' lang='lat' dir='ltr'>onno-</span> 
     </span>
     <span class='ocr_line' id='line_1_33' title="bbox 450 4526 2142 4601; baseline 0.001 -22"><span class='ocrx_word' id='word_1_452' title='bbox 450 4530 602 4594; x_wconf 60' lang='lat' dir='ltr'>egueram</span> <span class='ocrx_word' id='word_1_453' title='bbox 626 4526 728 4582; x_wconf 85' lang='lat' dir='ltr'>Psalm.</span> <span class='ocrx_word' id='word_1_454' title='bbox 756 4534 816 4598; x_wconf 86' lang='lat'>121,</span> <span class='ocrx_word' id='word_1_455' title='bbox 843 4547 868 4583; x_wconf 83' lang='lat' dir='ltr'>v.</span> <span class='ocrx_word' id='word_1_456' title='bbox 887 4535 914 4595; x_wconf 82' lang='lat'>2,</span> <span class='ocrx_word' id='word_1_457' title='bbox 945 4531 970 4583; x_wconf 89' lang='lat' dir='ltr'>is</span> <span class='ocrx_word' id='word_1_458' title='bbox 997 4548 1047 4584; x_wconf 88' lang='lat' dir='ltr'>nec</span> <span class='ocrx_word' id='word_1_459' title='bbox 1075 4533 1209 4585; x_wconf 74' lang='lat' dir='ltr'>donadat</span> <span class='ocrx_word' id='word_1_460' title='bbox 1233 4550 1282 4586; x_wconf 91' lang='lat' dir='ltr'>nec</span> <span class='ocrx_word' id='word_1_461' title='bbox 1308 4549 1370 4585; x_wconf 91' lang='lat' dir='ltr'>rum</span> <span class='ocrx_word' id='word_1_462' title='bbox 1388 4530 1494 4584; x_wconf 87' lang='lat' dir='ltr'>coelum</span> <span class='ocrx_word' id='word_1_463' title='bbox 1508 4530 1756 4593; x_wconf 87' lang='lat' dir='ltr'>nonconsenucrit,</span> <span class='ocrx_word' id='word_1_464' title='bbox 1774 4528 1883 4582; x_wconf 89' lang='lat' dir='ltr'>nullam</span> <span class='ocrx_word' id='word_1_465' title='bbox 1903 4528 2083 4601; x_wconf 83' lang='lat' dir='ltr'>mutationem</span> <span class='ocrx_word' id='word_1_466' title='bbox 2098 4543 2142 4581; x_wconf 87' lang='lat' dir='ltr'>re·</span> 
     </span>
     <span class='ocr_line' id='line_1_34' title="bbox 451 4612 2142 4685; baseline -0.001 -19"><span class='ocrx_word' id='word_1_467' title='bbox 451 4613 552 4667; x_wconf 79' lang='grc'><strong>1111111111</strong></span> <span class='ocrx_word' id='word_1_468' title='bbox 571 4615 601 4668; x_wconf 89' lang='lat' dir='ltr'>in</span> <span class='ocrx_word' id='word_1_469' title='bbox 621 4616 804 4669; x_wconf 67' lang='lat' dir='ltr'>eustodiendo</span> <span class='ocrx_word' id='word_1_470' title='bbox 825 4616 933 4685; x_wconf 77' lang='lat' dir='ltr'>letail,</span> <span class='ocrx_word' id='word_1_471' title='bbox 959 4633 986 4671; x_wconf 79' lang='grc'>1.</span> <span class='ocrx_word' id='word_1_472' title='bbox 1004 4624 1028 4671; x_wconf 83' lang='grc'>1.</span> <span class='ocrx_word' id='word_1_473' title='bbox 1063 4617 1133 4672; x_wconf 86' lang='lat' dir='ltr'>inde</span> <span class='ocrx_word' id='word_1_474' title='bbox 1156 4617 1281 4675; x_wconf 78' lang='lat' dir='ltr'>Anselnr.</span> <span class='ocrx_word' id='word_1_475' title='bbox 1308 4618 1426 4685; x_wconf 70' lang='lat' dir='ltr'>espiers,</span> <span class='ocrx_word' id='word_1_476' title='bbox 1452 4617 1503 4669; x_wconf 88' lang='lat' dir='ltr'>sed</span> <span class='ocrx_word' id='word_1_477' title='bbox 1520 4623 1612 4668; x_wconf 88' lang='lat' dir='ltr'>tamen</span> <span class='ocrx_word' id='word_1_478' title='bbox 1626 4613 1792 4683; x_wconf 86' lang='lat' dir='ltr'>passibilem</span> <span class='ocrx_word' id='word_1_479' title='bbox 1811 4615 1915 4667; x_wconf 78' lang='lat' dir='ltr'>babens</span> <span class='ocrx_word' id='word_1_480' title='bbox 1933 4622 1958 4668; x_wconf 86' lang='lat' dir='ltr'>et</span> <span class='ocrx_word' id='word_1_481' title='bbox 1976 4612 2142 4682; x_wconf 85' lang='lat' dir='ltr'>corruptibi-</span> 
     </span>
     <span class='ocr_line' id='line_1_35' title="bbox 450 4696 2142 4773; baseline -0.001 -21"><span class='ocrx_word' id='word_1_482' title='bbox 450 4697 478 4751; x_wconf 87' lang='lat' dir='ltr'>in</span> <span class='ocrx_word' id='word_1_483' title='bbox 495 4700 609 4754; x_wconf 76' lang='lat' dir='ltr'>monol:</span> <span class='ocrx_word' id='word_1_484' title='bbox 633 4701 712 4755; x_wconf 80' lang='lat' dir='ltr'>Sicut</span> <span class='ocrx_word' id='word_1_485' title='bbox 732 4702 804 4756; x_wconf 80' lang='lat' dir='ltr'>nibil</span> <span class='ocrx_word' id='word_1_486' title='bbox 820 4703 931 4768; x_wconf 78' lang='lat' dir='ltr'>factum</span> <span class='ocrx_word' id='word_1_487' title='bbox 950 4711 990 4756; x_wconf 80' lang='lat' dir='ltr'>est</span> <span class='ocrx_word' id='word_1_488' title='bbox 1003 4704 1060 4757; x_wconf 86' lang='lat' dir='ltr'>nisi</span> <span class='ocrx_word' id='word_1_489' title='bbox 1067 4722 1123 4773; x_wconf 88' lang='lat' dir='ltr'>per</span> <span class='ocrx_word' id='word_1_490' title='bbox 1135 4705 1282 4759; x_wconf 87' lang='lat' dir='ltr'>essentiam</span> <span class='ocrx_word' id='word_1_491' title='bbox 1309 4703 1362 4756; x_wconf 90' lang='lat' dir='ltr'>lem</span> <span class='ocrx_word' id='word_1_492' title='bbox 1386 4700 1584 4762; x_wconf 84' lang='lat' dir='ltr'>substantiam,</span> <span class='ocrx_word' id='word_1_493' title='bbox 1615 4706 1725 4752; x_wconf 78' lang='lat' dir='ltr'>inarieat</span> <span class='ocrx_word' id='word_1_494' title='bbox 1758 4699 1827 4768; x_wconf 88' lang='lat' dir='ltr'>tole,</span> <span class='ocrx_word' id='word_1_495' title='bbox 1861 4699 1943 4769; x_wconf 74' lang='lat' dir='ltr'>pisale</span> <span class='ocrx_word' id='word_1_496' title='bbox 1971 4704 2031 4751; x_wconf 89' lang='lat' dir='ltr'>crat</span> <span class='ocrx_word' id='word_1_497' title='bbox 2060 4696 2142 4750; x_wconf 82' lang='lat' dir='ltr'>uerbo</span> 
     </span>
     <span class='ocr_line' id='line_1_36' title="bbox 450 4786 1731 4859; baseline 0.001 -23"><span class='ocrx_word' id='word_1_498' title='bbox 450 4786 621 4852; x_wconf 57' lang='lat' dir='ltr'>creatricem</span> <span class='ocrx_word' id='word_1_499' title='bbox 641 4786 683 4840; x_wconf 88' lang='lat' dir='ltr'>ito</span> <span class='ocrx_word' id='word_1_500' title='bbox 701 4787 774 4842; x_wconf 77' lang='lat' dir='ltr'>nibil</span> <span class='ocrx_word' id='word_1_501' title='bbox 792 4789 877 4857; x_wconf 71' lang='lat' dir='ltr'>viaet,</span> <span class='ocrx_word' id='word_1_502' title='bbox 902 4789 961 4842; x_wconf 86' lang='lat' dir='ltr'>nisi</span> <span class='ocrx_word' id='word_1_503' title='bbox 973 4808 1028 4859; x_wconf 82' lang='lat' dir='ltr'>per</span> <span class='ocrx_word' id='word_1_504' title='bbox 1046 4790 1171 4859; x_wconf 86' lang='lat' dir='ltr'>ejusdem</span> <span class='ocrx_word' id='word_1_505' title='bbox 1185 4799 1282 4859; x_wconf 84' lang='lat' dir='ltr'>poten·</span> <span class='ocrx_word' id='word_1_506' title='bbox 1308 4788 1459 4842; x_wconf 87' lang='lat' dir='ltr'>creationis</span> <span class='ocrx_word' id='word_1_507' title='bbox 1477 4792 1659 4838; x_wconf 87' lang='lat' dir='ltr'>sustentatum</span> <span class='ocrx_word' id='word_1_508' title='bbox 1678 4792 1731 4838; x_wconf 89' lang='lat' dir='ltr'>etc.</span> 
     </span>
     <span class='ocr_line' id='line_1_37' title="bbox 450 4865 2140 4947; baseline 0.001 -25"><span class='ocrx_word' id='word_1_509' title='bbox 450 4869 517 4923; x_wconf 88' lang='lat' dir='ltr'>tiam</span> <span class='ocrx_word' id='word_1_510' title='bbox 542 4873 727 4927; x_wconf 84' lang='lat' dir='ltr'>servatricem.</span> <span class='ocrx_word' id='word_1_511' title='bbox 768 4873 936 4945; x_wconf 83' lang='lat' dir='ltr'>Imaginatio</span> <span class='ocrx_word' id='word_1_512' title='bbox 962 4874 1011 4930; x_wconf 89' lang='lat' dir='ltr'>illa</span> <span class='ocrx_word' id='word_1_513' title='bbox 1037 4892 1180 4946; x_wconf 87' lang='lat' dir='ltr'>perversa,</span> <span class='ocrx_word' id='word_1_514' title='bbox 1208 4876 1283 4947; x_wconf 89' lang='lat' dir='ltr'>quod</span> <span class='ocrx_word' id='word_1_515' title='bbox 1344 4880 1367 4931; x_wconf 87' lang='grc'>6.</span> <span class='ocrx_word' id='word_1_516' title='bbox 1412 4872 1500 4928; x_wconf 90' lang='lat' dir='ltr'>Simili</span> <span class='ocrx_word' id='word_1_517' title='bbox 1529 4870 1690 4925; x_wconf 88' lang='lat' dir='ltr'>inductione</span> <span class='ocrx_word' id='word_1_518' title='bbox 1717 4869 1804 4924; x_wconf 89' lang='lat' dir='ltr'>utitur</span> <span class='ocrx_word' id='word_1_519' title='bbox 1831 4866 1993 4923; x_wconf 85' lang='lat' dir='ltr'>Lactantius</span> <span class='ocrx_word' id='word_1_520' title='bbox 2022 4865 2085 4926; x_wconf 90' lang='lat' dir='ltr'>libr.</span> <span class='ocrx_word' id='word_1_521' title='bbox 2119 4873 2140 4924; x_wconf 93' lang='grc'>1.</span> 
     </span>
     <span class='ocr_line' id='line_1_38' title="bbox 450 4953 2141 5033; baseline -0.001 -24"><span class='ocrx_word' id='word_1_522' title='bbox 450 4953 527 5010; x_wconf 84' lang='grc'><strong>1)111</strong></span> <span class='ocrx_word' id='word_1_523' title='bbox 547 4964 688 5013; x_wconf 87' lang='lat' dir='ltr'>creaturas</span> <span class='ocrx_word' id='word_1_524' title='bbox 712 4958 855 5030; x_wconf 87' lang='lat' dir='ltr'>reliquerit</span> <span class='ocrx_word' id='word_1_525' title='bbox 874 4959 1002 5030; x_wconf 89' lang='lat' dir='ltr'>propriae</span> <span class='ocrx_word' id='word_1_526' title='bbox 1019 4966 1127 5014; x_wconf 84' lang='lat' dir='ltr'>tantum</span> <span class='ocrx_word' id='word_1_527' title='bbox 1146 4962 1283 5033; x_wconf 77' lang='lat' dir='ltr'>guberna·</span> <span class='ocrx_word' id='word_1_528' title='bbox 1309 4960 1394 5015; x_wconf 85' lang='lat' dir='ltr'>instit</span> <span class='ocrx_word' id='word_1_529' title='bbox 1415 4960 1469 5014; x_wconf 88' lang='lat' dir='ltr'>div.</span> <span class='ocrx_word' id='word_1_530' title='bbox 1489 4976 1512 5013; x_wconf 89' lang='lat' dir='ltr'>c.</span> <span class='ocrx_word' id='word_1_531' title='bbox 1533 4965 1559 5013; x_wconf 82' lang='lat' dir='ltr'>t:</span> <span class='ocrx_word' id='word_1_532' title='bbox 1579 4958 1668 5011; x_wconf 87' lang='lat' dir='ltr'>Nemo</span> <span class='ocrx_word' id='word_1_533' title='bbox 1688 4965 1728 5009; x_wconf 86' lang='lat' dir='ltr'>est</span> <span class='ocrx_word' id='word_1_534' title='bbox 1747 4965 1803 5010; x_wconf 77' lang='lat' dir='ltr'>tant</span> <span class='ocrx_word' id='word_1_535' title='bbox 1820 4957 1901 5007; x_wconf 84' lang='lat' dir='ltr'>rudis</span> <span class='ocrx_word' id='word_1_536' title='bbox 1920 4962 1977 5006; x_wconf 87' lang='lat' dir='ltr'>tam</span> <span class='ocrx_word' id='word_1_537' title='bbox 1988 4955 2068 5020; x_wconf 87' lang='lat' dir='ltr'>feris</span> <span class='ocrx_word' id='word_1_538' title='bbox 2086 4973 2141 5008; x_wconf 89' lang='lat' dir='ltr'>mo-</span> 
     </span>
     <span class='ocr_line' id='line_1_39' title="bbox 449 5039 2144 5117; baseline -0.001 -21"><span class='ocrx_word' id='word_1_539' title='bbox 449 5041 530 5112; x_wconf 86' lang='lat' dir='ltr'>tioni,</span> <span class='ocrx_word' id='word_1_540' title='bbox 547 5058 678 5115; x_wconf 77' lang='lat' dir='ltr'>magum</span> <span class='ocrx_word' id='word_1_541' title='bbox 696 5044 844 5117; x_wconf 79' lang='lat' dir='ltr'>caliginem</span> <span class='ocrx_word' id='word_1_542' title='bbox 862 5044 983 5101; x_wconf 83' lang='lat' dir='ltr'>offundit</span> <span class='ocrx_word' id='word_1_543' title='bbox 1000 5046 1138 5102; x_wconf 84' lang='lat' dir='ltr'>mentibus</span> <span class='ocrx_word' id='word_1_544' title='bbox 1155 5046 1284 5102; x_wconf 87' lang='lat' dir='ltr'>humanis</span> <span class='ocrx_word' id='word_1_545' title='bbox 1308 5046 1398 5113; x_wconf 84' lang='lat' dir='ltr'>ribus,</span> <span class='ocrx_word' id='word_1_546' title='bbox 1422 5046 1490 5114; x_wconf 82' lang='lat' dir='ltr'>quin</span> <span class='ocrx_word' id='word_1_547' title='bbox 1511 5044 1605 5096; x_wconf 84' lang='lat' dir='ltr'>oculos</span> <span class='ocrx_word' id='word_1_548' title='bbox 1625 5060 1690 5094; x_wconf 86' lang='lat' dir='ltr'>suos</span> <span class='ocrx_word' id='word_1_549' title='bbox 1709 5043 1738 5093; x_wconf 90' lang='lat' dir='ltr'>in</span> <span class='ocrx_word' id='word_1_550' title='bbox 1757 5040 1863 5093; x_wconf 86' lang='lat' dir='ltr'>coelum</span> <span class='ocrx_word' id='word_1_551' title='bbox 1881 5039 1997 5109; x_wconf 85' lang='lat' dir='ltr'>tollens,</span> <span class='ocrx_word' id='word_1_552' title='bbox 2034 5039 2144 5094; x_wconf 75' lang='grc'><strong>1111111111</strong></span> 
     </span>
     <span class='ocr_line' id='line_1_40' title="bbox 451 5126 2144 5201; baseline -0.003 -18"><span class='ocrx_word' id='word_1_553' title='bbox 451 5132 479 5183; x_wconf 83' lang='lat' dir='ltr'>et</span> <span class='ocrx_word' id='word_1_554' title='bbox 502 5134 587 5183; x_wconf 74' lang='lat' dir='ltr'>tetrus</span> <span class='ocrx_word' id='word_1_555' title='bbox 612 5130 686 5201; x_wconf 79' lang='lat' dir='ltr'>parit</span> <span class='ocrx_word' id='word_1_556' title='bbox 711 5129 914 5199; x_wconf 84' lang='lat' dir='ltr'>dubitationes,</span> <span class='ocrx_word' id='word_1_557' title='bbox 943 5137 1014 5186; x_wconf 83' lang='lat' dir='ltr'>teste</span> <span class='ocrx_word' id='word_1_558' title='bbox 1036 5130 1143 5186; x_wconf 83' lang='lat' dir='ltr'>Theod.</span> <span class='ocrx_word' id='word_1_559' title='bbox 1167 5140 1235 5187; x_wconf 88' lang='lat' dir='ltr'>orat.</span> <span class='ocrx_word' id='word_1_560' title='bbox 1261 5140 1282 5189; x_wconf 87' lang='lat' dir='ltr'>l.</span> <span class='ocrx_word' id='word_1_561' title='bbox 1310 5131 1426 5198; x_wconf 84' lang='lat' dir='ltr'>nesciat,</span> <span class='ocrx_word' id='word_1_562' title='bbox 1455 5131 1535 5198; x_wconf 83' lang='lat' dir='ltr'>cujas</span> <span class='ocrx_word' id='word_1_563' title='bbox 1549 5127 1732 5197; x_wconf 84' lang='lat' dir='ltr'>providentia</span> <span class='ocrx_word' id='word_1_564' title='bbox 1751 5132 1865 5193; x_wconf 77' lang='lat' dir='ltr'>repatnr</span> <span class='ocrx_word' id='word_1_565' title='bbox 1884 5126 1935 5178; x_wconf 85' lang='lat' dir='ltr'>boc</span> <span class='ocrx_word' id='word_1_566' title='bbox 1954 5141 2046 5190; x_wconf 82' lang='lat' dir='ltr'>omno,</span> <span class='ocrx_word' id='word_1_567' title='bbox 2066 5126 2144 5196; x_wconf 68' lang='lat' dir='ltr'>quod</span> 
     </span>
     <span class='ocr_line' id='line_1_41' title="bbox 449 5200 2262 5285; baseline 0 -18"><span class='ocrx_word' id='word_1_568' title='bbox 449 5217 513 5285; x_wconf 79' lang='grc' dir='ltr'>περὶ</span> <span class='ocrx_word' id='word_1_569' title='bbox 529 5232 609 5284; x_wconf 78' lang='lat' dir='ltr'>noar.</span> <span class='ocrx_word' id='word_1_570' title='bbox 1310 5217 1440 5278; x_wconf 89' lang='lat' dir='ltr'>cernitur,</span> <span class='ocrx_word' id='word_1_571' title='bbox 1460 5233 1515 5268; x_wconf 91' lang='lat' dir='ltr'>non</span> <span class='ocrx_word' id='word_1_572' title='bbox 1534 5214 1659 5282; x_wconf 76' lang='lat' dir='ltr'>aliquam</span> <span class='ocrx_word' id='word_1_573' title='bbox 1678 5220 1768 5264; x_wconf 70' lang='lat' dir='ltr'>tanuen</span> <span class='ocrx_word' id='word_1_574' title='bbox 1790 5227 1848 5262; x_wconf 85' lang='lat' dir='ltr'>csse</span> <span class='ocrx_word' id='word_1_575' title='bbox 1868 5211 2010 5280; x_wconf 73' lang='lat' dir='ltr'>intellipat</span> <span class='ocrx_word' id='word_1_576' title='bbox 2028 5228 2061 5265; x_wconf 80' lang='lat' dir='ltr'>en</span> <span class='ocrx_word' id='word_1_577' title='bbox 2079 5200 2149 5282; x_wconf 71' lang='lat' dir='ltr'>s&#39;pso</span> <span class='ocrx_word' id='word_1_578' title='bbox 2230 5227 2262 5276; x_wconf 59' lang='lat'>*¹7</span> 
     </span>
     <span class='ocr_line' id='line_1_42' title="bbox 305 5291 2261 5387; baseline 0.002 -36"><span class='ocrx_word' id='word_1_579' title='bbox 305 5296 436 5387; x_wconf 41' lang='grc' dir='ltr'><strong>ξωῗΜ.</strong></span> <span class='ocrx_word' id='word_1_580' title='bbox 485 5305 509 5356; x_wconf 80' lang='grc'>1.</span> <span class='ocrx_word' id='word_1_581' title='bbox 538 5299 606 5371; x_wconf 88' lang='lat' dir='ltr'>Ipsa</span> <span class='ocrx_word' id='word_1_582' title='bbox 621 5298 685 5368; x_wconf 87' lang='lat' dir='ltr'>illa,</span> <span class='ocrx_word' id='word_1_583' title='bbox 711 5315 783 5372; x_wconf 86' lang='lat' dir='ltr'>quse</span> <span class='ocrx_word' id='word_1_584' title='bbox 801 5308 979 5357; x_wconf 85' lang='lat' dir='ltr'>conservatur</span> <span class='ocrx_word' id='word_1_585' title='bbox 1000 5318 1033 5356; x_wconf 88' lang='lat' dir='ltr'>ac</span> <span class='ocrx_word' id='word_1_586' title='bbox 1053 5302 1159 5374; x_wconf 86' lang='lat' dir='ltr'>regitur</span> <span class='ocrx_word' id='word_1_587' title='bbox 1175 5309 1283 5373; x_wconf 86' lang='lat' dir='ltr'>natura,</span> <span class='ocrx_word' id='word_1_588' title='bbox 1309 5320 1402 5355; x_wconf 86' lang='lat' dir='ltr'>rerum</span> <span class='ocrx_word' id='word_1_589' title='bbox 1421 5301 1626 5367; x_wconf 68' lang='lat' dir='ltr'>moritaniae,</span> <span class='ocrx_word' id='word_1_590' title='bbox 1646 5304 1736 5364; x_wconf 90' lang='lat' dir='ltr'>motu,</span> <span class='ocrx_word' id='word_1_591' title='bbox 1756 5296 1955 5365; x_wconf 87' lang='lat' dir='ltr'>dispositione,</span> <span class='ocrx_word' id='word_1_592' title='bbox 1977 5300 2142 5368; x_wconf 85' lang='lat' dir='ltr'>constantia,</span> <span class='ocrx_word' id='word_1_593' title='bbox 2244 5291 2261 5350; x_wconf 58' lang='lat' dir='ltr'>s&#39;.</span> 
     </span>
     <span class='ocr_line' id='line_1_43' title="bbox 306 5359 2143 5460; baseline 0 -22"><span class='ocrx_word' id='word_1_594' title='bbox 306 5359 356 5439; x_wconf 40' lang='grc' dir='ltr'><em>ὃ</em></span> <span class='ocrx_word' id='word_1_595' title='bbox 365 5410 420 5447; x_wconf 72' lang='lat' dir='ltr'>pro·</span> <span class='ocrx_word' id='word_1_596' title='bbox 450 5382 560 5441; x_wconf 83' lang='lat' dir='ltr'>divinae</span> <span class='ocrx_word' id='word_1_597' title='bbox 576 5386 767 5458; x_wconf 71' lang='lat' dir='ltr'>providentiae</span> <span class='ocrx_word' id='word_1_598' title='bbox 785 5386 865 5440; x_wconf 84' lang='lat' dir='ltr'>testis</span> <span class='ocrx_word' id='word_1_599' title='bbox 886 5394 935 5442; x_wconf 88' lang='lat' dir='ltr'>est.</span> <span class='ocrx_word' id='word_1_600' title='bbox 979 5385 1007 5442; x_wconf 87' lang='lat' dir='ltr'>Si</span> <span class='ocrx_word' id='word_1_601' title='bbox 1027 5394 1144 5443; x_wconf 85' lang='lat' dir='ltr'>naturae</span> <span class='ocrx_word' id='word_1_602' title='bbox 1161 5388 1282 5460; x_wconf 89' lang='lat' dir='ltr'>discipu·</span> <span class='ocrx_word' id='word_1_603' title='bbox 1308 5389 1437 5452; x_wconf 80' lang='lat' dir='ltr'>utilitate,</span> <span class='ocrx_word' id='word_1_604' title='bbox 1453 5385 1670 5455; x_wconf 62' lang='lat' dir='ltr'>pulcbritndme,</span> <span class='ocrx_word' id='word_1_605' title='bbox 1685 5384 1903 5452; x_wconf 87' lang='lat' dir='ltr'>temperatione:</span> <span class='ocrx_word' id='word_1_606' title='bbox 1920 5385 2143 5453; x_wconf 81' lang='lat' dir='ltr'>neopossefieri,</span> 
     </span>
     <span class='ocr_line' id='line_1_44' title="bbox 306 5452 2142 5543; baseline -0.003 -16"><span class='ocrx_word' id='word_1_607' title='bbox 306 5452 434 5543; x_wconf 53' lang='lat'>2&#39;222&#39;12‘2‘,</span> <span class='ocrx_word' id='word_1_608' title='bbox 448 5472 492 5526; x_wconf 92' lang='lat' dir='ltr'>lus</span> <span class='ocrx_word' id='word_1_609' title='bbox 517 5471 729 5538; x_wconf 78' lang='grc' dir='ltr'><strong>1111νοὶ11111,</strong></span> <span class='ocrx_word' id='word_1_610' title='bbox 757 5470 879 5526; x_wconf 79' lang='lat' dir='ltr'>invenies</span> <span class='ocrx_word' id='word_1_611' title='bbox 903 5489 959 5527; x_wconf 92' lang='lat' dir='ltr'>non</span> <span class='ocrx_word' id='word_1_612' title='bbox 980 5472 1070 5527; x_wconf 88' lang='lat' dir='ltr'>minus</span> <span class='ocrx_word' id='word_1_613' title='bbox 1094 5472 1233 5527; x_wconf 83' lang='lat' dir='ltr'>vilissimis</span> <span class='ocrx_word' id='word_1_614' title='bbox 1256 5480 1285 5527; x_wconf 88' lang='lat' dir='ltr'>et</span> <span class='ocrx_word' id='word_1_615' title='bbox 1310 5475 1377 5543; x_wconf 80' lang='lat' dir='ltr'>quin</span> <span class='ocrx_word' id='word_1_616' title='bbox 1395 5473 1434 5539; x_wconf 80' lang='lat' dir='ltr'>id,</span> <span class='ocrx_word' id='word_1_617' title='bbox 1456 5474 1532 5540; x_wconf 81' lang='lat' dir='ltr'>qnod</span> <span class='ocrx_word' id='word_1_618' title='bbox 1549 5467 1675 5524; x_wconf 84' lang='lat' dir='ltr'>mirabili</span> <span class='ocrx_word' id='word_1_619' title='bbox 1686 5468 1796 5521; x_wconf 87' lang='lat' dir='ltr'>ratione</span> <span class='ocrx_word' id='word_1_620' title='bbox 1815 5477 1929 5535; x_wconf 87' lang='lat' dir='ltr'>constat,</span> <span class='ocrx_word' id='word_1_621' title='bbox 1950 5468 2067 5523; x_wconf 86' lang='lat' dir='ltr'>consilio</span> <span class='ocrx_word' id='word_1_622' title='bbox 2084 5486 2142 5522; x_wconf 85' lang='lat' dir='ltr'>ma·</span> 
     </span>
     <span class='ocr_line' id='line_1_45' title="bbox 448 5545 2142 5628; baseline -0.002 -15"><span class='ocrx_word' id='word_1_623' title='bbox 448 5556 568 5613; x_wconf 82' lang='lat' dir='ltr'>minimis</span> <span class='ocrx_word' id='word_1_624' title='bbox 585 5557 668 5613; x_wconf 88' lang='lat' dir='ltr'>rebus</span> <span class='ocrx_word' id='word_1_625' title='bbox 686 5558 808 5623; x_wconf 84' lang='lat' dir='ltr'>consuli,</span> <span class='ocrx_word' id='word_1_626' title='bbox 832 5572 915 5627; x_wconf 85' lang='lat' dir='ltr'>quam</span> <span class='ocrx_word' id='word_1_627' title='bbox 933 5557 1127 5628; x_wconf 71' lang='lat' dir='ltr'>nobilissimis,</span> <span class='ocrx_word' id='word_1_628' title='bbox 1146 5556 1284 5612; x_wconf 85' lang='lat' dir='ltr'>adfinem</span> <span class='ocrx_word' id='word_1_629' title='bbox 1307 5559 1371 5628; x_wconf 82' lang='lat' dir='ltr'>j0ri</span> <span class='ocrx_word' id='word_1_630' title='bbox 1389 5557 1486 5626; x_wconf 76' lang='lat' dir='ltr'>aliquo</span> <span class='ocrx_word' id='word_1_631' title='bbox 1505 5558 1542 5611; x_wconf 82' lang='lat' dir='ltr'>rit</span> <span class='ocrx_word' id='word_1_632' title='bbox 1561 5557 1729 5609; x_wconf 79' lang='lat' dir='ltr'>imtructum.</span> <span class='ocrx_word' id='word_1_633' title='bbox 1765 5554 1838 5620; x_wconf 83' lang='lat' dir='ltr'>Quin</span> <span class='ocrx_word' id='word_1_634' title='bbox 1856 5555 1925 5622; x_wconf 90' lang='lat' dir='ltr'>imo,</span> <span class='ocrx_word' id='word_1_635' title='bbox 1947 5554 1970 5606; x_wconf 92' lang='lat' dir='ltr'>si</span> <span class='ocrx_word' id='word_1_636' title='bbox 1989 5551 2050 5624; x_wconf 90' lang='lat' dir='ltr'>quis</span> <span class='ocrx_word' id='word_1_637' title='bbox 2066 5545 2142 5609; x_wconf 73' lang='lat' dir='ltr'>rocio</span> 
     </span>
     <span class='ocr_line' id='line_1_46' title="bbox 500 5652 1811 5714; baseline 0.002 -21"><span class='ocrx_word' id='word_1_638' title='bbox 500 5652 664 5693; x_wconf 65' lang='lat' dir='ltr'>camina</span> <span class='ocrx_word' id='word_1_639' title='bbox 689 5652 717 5694; x_wconf 85' lang='lat' dir='ltr'>n.</span> <span class='ocrx_word' id='word_1_640' title='bbox 1794 5660 1811 5714; x_wconf 81' lang='lat'><strong>2</strong></span> 
     </span>
    </p>
   </div>
   <div class='ocr_carea' id='block_1_4' title="bbox 0 0 2514 6675">
    <p class='ocr_par' dir='ltr' id='par_1_4' title="bbox 0 0 2514 6675">
     <span class='ocr_line' id='line_1_47' title="bbox 0 0 2514 6675; baseline 0 0"><span class='ocrx_word' id='word_1_641' title='bbox 0 0 2514 6675; x_wconf 95' lang='lat' dir='ltr'> </span> 
     </span>
    </p>
   </div>
  </div>
 </body>
</html>
