5017 6675
1002 607 1054 662 DE
1074 605 1214 662 LIBERO
1234 605 1429 662 ΔΒΒΙΤΒΙΟ.
2001 615 2061 674 257

365 772 395 823 ut
410 767 499 822 instar
516 765 622 821 arboris
644 764 764 837 primum
781 763 879 829 malae,
900 766 1000 834 postea
1015 779 1081 818 vero
1100 761 1137 816 ad
1154 761 1203 815 bo
1228 777 1293 815 esse.
1332 766 1357 819 6.
1376 760 1475 817 Scotus
1494 761 1582 827 docet,
1598 761 1722 830 primum
1743 767 1835 815 actum
1853 761 2003 815 uoluntatis
2016 778 2065 817 reu

364 855 477 911 nitatem
500 853 634 907 reductae
657 852 729 908 ferat
750 852 838 908 bonos
856 851 970 906 fructus.
1006 849 1134 921 Denique
1152 847 1201 904 lib.
1228 865 1352 902 amorem
1372 849 1443 916 finis
1460 867 1517 902 non
1533 848 1624 903 solum
1641 847 1707 900 elici
1723 867 1743 902 a
1759 848 1910 916 uoluntate,
1936 849 1988 902 scd
2005 863 2065 901 esse

365 947 387 996 l.
407 958 431 995 c.
452 945 493 997 16.
521 940 661 1010 disputat,
691 941 785 993 Deam
811 956 870 993 esse
895 938 978 992 liberi
1000 936 1125 1005 arbitrii,
1154 934 1204 1004 qui
1227 936 1394 1005 simpliciter
1424 935 1548 990 liberum.
1598 933 1749 1004 Capreolm
1776 933 1916 1004 disputat,
1941 934 2066 1002 primum

363 1036 454 1081 tamen
480 1027 553 1080 nibil
575 1026 636 1095 aqit
657 1025 714 1078 nisi
737 1027 842 1081 bortum.
884 1023 1084 1094 Expendantur
1108 1029 1201 1076 autem
1227 1039 1352 1076 amorem
1367 1022 1433 1085 finis
1450 1040 1508 1076 csse
1525 1021 1912 1092 qrrandamcomplacentium
1929 1021 2067 1075 actualem

364 1131 434 1186 quae
465 1112 599 1182 Pelagius
631 1112 756 1183 disputat
783 1112 859 1182 apud
884 1112 1005 1182 August.
1032 1111 1068 1164 de
1091 1115 1147 1164 nat
1174 1115 1202 1162 et
1228 1126 1294 1177 erpo
1309 1109 1408 1162 bonum
1421 1110 1451 1162 in
1461 1110 1625 1175 uniuersum,
1644 1116 1671 1161 et
1682 1107 1851 1161 autoretatem
1863 1106 1988 1160 nonnisi
1999 1123 2066 1175 pas·

364 1207 433 1272 grat.
455 1218 479 1256 c.
499 1202 541 1255 lli.
561 1199 636 1269 quod
655 1199 806 1254 voluntatis
824 1198 938 1255 arbitrio
954 1214 987 1252 ac
1004 1196 1201 1251 deliberatione
1227 1196 1286 1250 sire
1303 1198 1345 1250 ad
1361 1214 1421 1250 eam
1438 1214 1610 1252 concurrere.
1645 1193 1830 1250 Ferrariensis
1847 1193 1957 1261 statuit,
1977 1200 2067 1246 actum

362 1287 485 1358 privetur
512 1285 646 1357 quicquid
671 1285 792 1340 naturali
812 1285 976 1340 necessitate
994 1282 1200 1353 constringitur,
1227 1282 1310 1335 illam
1327 1283 1392 1348 fieri
1407 1284 1443 1336 ab
1459 1283 1524 1352 ipsa
1540 1283 1680 1336 uoluntate
1698 1281 1859 1348 efficienter,
1876 1279 1919 1332 ita
1934 1286 2068 1332 tamenut

363 1379 390 1427 et
405 1372 566 1443 apparebit,
590 1389 623 1426 ex
648 1388 704 1443 qua
726 1371 822 1426 schola
838 1371 906 1426 baec
924 1368 1085 1425 Bellarmini
1105 1368 1200 1439 dispu·
1227 1375 1361 1436 sequatur
1378 1385 1410 1421 ea
1428 1369 1611 1422 inclinatione
1627 1367 1762 1421 naturali.
1793 1366 1836 1420 Ex
1853 1364 1896 1418 his
1918 1363 2067 1422 Scholasti-

363 1459 432 1514 tatio
450 1459 593 1531 prodierit
1228 1470 1325 1508 corum
1343 1454 1445 1525 pugnis
1464 1453 1610 1511 manifeste
1628 1459 1755 1524 apparet,
1785 1451 1852 1522 quid
1869 1449 1939 1506 certi
1956 1450 1994 1506 ab
2012 1449 2067 1504 illis

1075 1535 1079 1543 '
1230 1541 1398 1610 sperandum
1417 1540 1461 1610 sit,
1480 1542 1529 1610 qui
1545 1541 1643 1595 relicto
1659 1539 1818 1611 Scriptruae
1835 1538 1944 1594 tramite
1960 1537 1997 1592 ad
2008 1537 2067 1592 vias
2079 1541 2107 1586 V·
2121 1539 2168 1586 1⁴⁰·

579 1639 584 1648 '
679 1661 887 1674 ----—
1229 1625 1456 1697 philosophorum
1473 1629 1587 1682 abeunt.

1265 1718 1307 1768 ot.
1337 1711 1406 1783 Cap.
1425 1720 1464 1769 lt.
1482 1713 1584 1783 probat
1596 1711 1790 1775 Bellarminus,
1807 1712 1903 1764 Deum
1914 1726 1972 1764 esse
1986 1708 2069 1761 liberi
2079 1711 2114 1754 an
2127 1712 2156 1752 1>-

1229 1799 1357 1867 arbitrii,
1381 1798 1410 1854 in
1428 1787 1483 1870 q'uo
1501 1817 1551 1854 nos
1569 1799 1656 1854 babet
1671 1799 1738 1866 sibi,
1761 1798 1815 1850 imo
1833 1796 1944 1852 veritati
1959 1765 2192 1864 tpouttiiiiim

621 1887 685 1948 SE
704 1885 725 1947 G
743 1885 768 1944 Τ
785 1883 802 1944 Ι
820 1884 843 1944 0
880 1882 951 1943 ΙΙΙ.
1230 1903 1316 1956 poor,
1333 1885 1404 1939 illud
1420 1903 1486 1942 vero
1504 1886 1631 1957 iniquum
1647 1892 1696 1955 est,
1716 1884 1790 1956 qnod
1809 1901 1869 1954 cap.
1882 1881 2067 1954 praecedente
2081 1869 2169 1960 2532„

1230 1971 1270 2024 D.
1298 1972 1448 2025 Inubaum
1474 1983 1600 2028 accenset
1625 1973 1699 2040 tub,
1727 1972 1777 2040 qui
1800 1971 1926 2024 libertate
1955 1967 2070 2022 arbitrii
2081 1972 2195 2012 libem·

365 2041 582 2109 ΕΧᾹΜΕΝ
624 2040 766 2108 LIBRI
807 2040 837 2106 3·
876 2034 1203 2104 BELLARMINI
1233 2059 1325 2114 Deum
1345 2059 1483 2128 spoliant,
1508 2060 1576 2127 quio
1593 2060 1624 2112 in
1641 2058 1795 2112 assertione
1814 2057 1997 2111 articulorum
2015 2062 2068 2123 art

384 2145 451 2211 DE
483 2143 695 2212 NATURA
727 2141 910 2210 LIBERI
930 2137 1184 2207 ARBITRII.
1231 2146 1277 2196 aa.
1295 2144 1435 2213 amaus,
1457 2146 1553 2198 omna
1570 2160 1603 2198 a
1625 2144 1786 2198 mamus
1805 2143 1933 2197 asana
1951 2142 2068 2210 ancre,

1233 2228 1282 2281 sed
1301 2229 1357 2284 tals
1374 2229 1442 2302 quid
1462 2230 1567 2286 coloci
1583 2249 1638 2287 non
1655 2230 1783 2299 occurrit,
1803 2246 1837 2284 ac
1854 2228 1878 2283 si
1893 2228 1938 2283 vel
1951 2227 2069 2282 maxime

401 2320 443 2369 tl.
479 2314 523 2369 De
547 2319 648 2369 namara
671 2313 753 2368 liberi
778 2311 887 2367 arbitrii
906 2311 1004 2381 incipit
1022 2306 1206 2364 Bellarmin¹1⁸
1233 2322 1404 2385 occurreret,
1431 2316 1555 2370 nondum
1580 2316 1707 2372 libertate
1731 2314 1839 2371 arbitrii
1864 2332 1914 2386 per
1938 2313 1967 2367 id
1992 2313 2069 2367 Deus

293 2385 354 2475 2¹5„
366 2416 450 2471 agere
473 2400 536 2455 libr.
556 2406 579 2457 3.
604 2406 633 2455 et
656 2399 749 2454 varias
768 2398 1000 2454 scholasticorum
1019 2412 1129 2467 pugnas
1152 2392 1207 2448 hac
1234 2401 1404 2472 privaretur,
1432 2403 1571 2473 siquidem
1596 2403 1761 2474 intelligitur
1779 2401 1929 2458 „pompm
1947 2401 1977 2454 ,n
1995 2415 2070 2455 cm.

293 2541 344 2581 trio.

293 2489 353 2526 ³⁸¹⁰
366 2485 403 2540 de
420 2503 450 2542 re
470 2486 592 2542 discutit
630 2492 652 2541 1.
679 2484 778 2540 Lomb.
798 2484 860 2540 vult
876 2502 976 2540 nomen
1001 2481 1080 2539 liberi
1100 2480 1207 2537 arbitrii
1234 2488 1314 2558 turin,
1333 2506 1389 2544 non
1407 2495 1500 2545 autem
1517 2489 1547 2543 in
1565 2489 1778 2559 ipso-creatore,
1808 2488 1879 2543 Rem
1896 2485 2071 2558 ipsamquod

368 2572 526 2645 significare
549 2573 771 2642 conjunctionem
789 2573 908 2625 duorum
928 2579 1055 2638 actuum,
1081 2567 1100 2622 i·
1118 2586 1141 2624 c
1163 2569 1208 2639 ju·
1234 2575 1347 2640 attinet,
1371 2574 1490 2631 fatemur
1506 2575 1542 2630 D.
1562 2575 1715 2630 Lutherum
1739 2575 1769 2629 in
1786 2574 1858 2629 libro
1878 2575 1914 2628 de
1933 2589 2012 2627 servo
2029 2589 2071 2626 ar-

368 2659 434 2714 dicii
452 2658 567 2715 rationis
587 2657 775 2715 etelectionic
791 2657 951 2712 voluntatis·
987 2656 1139 2711 Durtndut
1157 2672 1208 2726 pu·
1234 2662 1318 2718 bitrio
1336 2662 1464 2730 scribere,
1486 2661 1562 2733 quod
1580 2662 1673 2717 omnia
1691 2661 1761 2716 fiant
1781 2677 1815 2715 sx
1834 2660 1962 2716 absoluta
1977 2675 2072 2714 necas-

366 2751 410 2801 tat
429 2746 485 2801 dici
499 2747 621 2816 proprie
639 2749 674 2800 dc
692 2755 758 2799 actu
774 2745 906 2812 reticuit,
924 2744 941 2798 i·
961 2762 985 2800 c·
1002 2742 1118 2814 jndicio,
1136 2741 1208 2796 Thu
1235 2749 1330 2817 sitate,
1358 2749 1408 2803 sed
1432 2754 1552 2804 mentem
1570 2765 1649 2803 suam
1665 2747 1816 2803 clarissime
1833 2746 1961 2817 exposuit
1980 2747 2009 2800 in
2028 2751 2071 2801 26.

366 2848 426 2887 mat
449 2848 501 2903 per
521 2832 640 2887 liberum
664 2831 808 2886 arbitrium
832 2831 923 2887 solitu
945 2830 1097 2884 autumatis
1116 2837 1209 2882 adum
1235 2853 1258 2892 e,
1278 2835 1426 2890 Genoeeofl,
1468 2836 1650 2890 Renouabant
1672 2843 1698 2889 et
1722 2835 1827 2904 templu
1845 2841 1871 2888 et
1887 2833 2000 2888 scholae
2019 2831 2073 2900 (ait

366 2916 515 2989 significat
548 2923 572 2974 2.
591 2917 735 2973 Hervaeus
753 2918 834 2972 docet
850 2916 969 2971 liberum
986 2914 1131 2970 arbitrium
1139 2933 1207 2985 pro-
1235 2922 1291 2978 Dn‚
1311 2920 1488 2976 chemmin„
1509 2928 1580 2992 part,
1609 2927 1630 2977 ι,
1650 2920 1772 2977 locorum
1792 2937 1819 2990 p.
1839 2923 1911 2986 425.)
1929 2918 2072 2973 immensis

362 3005 431 3075 pris
447 3004 482 3057 'in
506 3014 571 3059 actu
588 3005 752 3073 consistere,
777 3022 833 3057 non
851 3004 881 3056 in
898 3002 994 3055 habitu
1011 3001 1055 3056 oel
1067 3002 1207 3072 potentia.
1235 3007 1319 3060 liberi
1342 3007 1457 3061 arbitrii
1480 3007 1626 3077 encomia,
1654 3006 1801 3078 oppositae
1828 3021 1895 3076 erpo
1914 3013 1978 3059 croit
2001 3005 2072 3059 istae

364 3088 565 3146 Bonaventura
581 3090 725 3147 constituit
743 3091 773 3143 in
799 3090 896 3143 babitu
927 3091 1049 3160 quodam
1080 3089 1210 3142 naturali
1234 3094 1458 3163 disputationee,
1481 3110 1516 3147 ne
1533 3093 1564 3147 in
1584 3091 1703 3147 emonis
1720 3092 1832 3161 quidem
1846 3091 1999 3144 arbitrium
2017 3107 2073 3144 om·

365 3186 602 3248 consurgentem
619 3179 730 3232 ratione
748 3184 774 3230 et
790 3176 950 3230 voluntate:
967 3175 1101 3231 Albertus
1120 3175 1208 3242 docet,
1235 3182 1303 3235 nino
1320 3197 1379 3235 csse
1398 3180 1531 3249 liberum,
1559 3196 1610 3233 nec
1624 3178 1719 3249 potuit
1739 3178 1770 3233 in
1788 3178 1934 3249 principio
1954 3186 2011 3233 tam
2030 3177 2073 3230 di·

364 3262 487 3318 ls'berum
510 3265 659 3318 arbitrium
677 3280 735 3317 esse
749 3263 907 3335 potentiam
925 3280 980 3333 per
1002 3262 1127 3315 habitum
1140 3279 1206 3331 per·
1234 3268 1330 3322 uincta
1351 3276 1378 3322 st
1395 3268 1538 3321 commode
1556 3266 1625 3319 laec
1649 3265 1786 3320 intricata
1805 3265 1963 3334 disputatio
1981 3264 2074 3318 decla-

364 3354 473 3417 sectam
498 3354 730 3424 mperadds'tum,
753 3369 809 3406 non
833 3361 926 3406 tamen
950 3350 1131 3421 acquisitum,
1157 3352 1209 3404 secl
1233 3356 1304 3410 rari.
1344 3354 1477 3410 &umus
1500 3353 1684 3411 scholasticos
1706 3358 1818 3409 secutus
1843 3369 1878 3408 ex
1901 3350 2075 3423 philosophia

365 3440 542 3509 naturalem,
566 3439 680 3510 qnidam
702 3439 816 3508 docent,
839 3439 958 3493 liberum
980 3436 1125 3493 arbitrium
1148 3455 1208 3491 esse
1234 3442 1328 3514 potius
1355 3449 1384 3497 ee
1404 3441 1511 3514 judicio
1529 3440 1657 3510 rationis,
1686 3456 1771 3511 quam
1790 3455 1824 3493 ex
1842 3437 1985 3509 Scriptura
2003 3438 2074 3493 rues

360 3527 523 3606 potentiam
540 3527 683 3596 quandam
700 3525 886 3579 universalem
906 3525 1089 3579 couinsmcn
1111 3525 1162 3578 sub
1179 3542 1208 3578 ss
1233 3530 1315 3586 liberi
1333 3529 1441 3585 arbitrii
1459 3527 1636 3595 defendebat,
1656 3530 1688 3581 ut
1706 3543 1773 3597 ergo
1791 3542 1842 3580 suo
1860 3542 1924 3581 eum
1935 3526 2074 3581 Lutbsrns

361 3614 506 3683 potentias
534 3628 628 3665 omnes
654 3611 765 3664 animae
791 3610 974 3680 intelliyentie
999 3621 1025 3666 et
1054 3611 1206 3665 sentientis.
1230 3616 1377 3688 jugularet
1393 3614 1504 3686 gladio,
1525 3631 1559 3669 ex
1578 3613 1645 3683 ipsis
1663 3612 1717 3667 illis
1736 3611 1843 3667 Eracmi
1862 3613 2013 3684 principiis,
2031 3630 2075 3668 rs·

366 3698 522 3754 Alexandri
536 3697 632 3752 Alana
646 3696 785 3752 sententia
798 3696 977 3766 est,liberum
990 3696 1136 3751 arbitrium
1149 3714 1207 3751 csse
1234 3703 1317 3758 tionis
1343 3701 1449 3757 seilicet
1468 3700 1576 3772 judicio
1600 3706 1695 3755 contra
1723 3698 1912 3754 adversarium
1930 3698 2076 3772 pugnabat

362 3786 522 3856 potentiam
540 3783 746 3854 particularem
770 3783 932 3837 distinctam
952 3802 970 3837 α
992 3783 1102 3837 rationo
1120 3792 1147 3837 ct
1163 3800 1209 3837 vo·
1236 3794 1275 3850 εὶς
1292 3789 1456 3845 τούναντίον
1474 3786 1635 3843 ἀποκλίνων
1652 3786 1744 3842 omnia
1761 3786 1890 3842 absoluta
1907 3786 2072 3844 necessitato

368 3870 485 3925 luntatt·
531 3869 681 3924 Durffldut
710 3870 805 3934 ἃθθθῒ,
834 3868 953 3924 liberum
978 3868 1124 3924 ”illirium
1150 3886 1209 3923 0⁸⁸⁶
1235 3876 1480 3945 fiericontendsns,
1500 3874 1630 3930 nimirum
1647 3882 1678 3928 ut
1695 3873 1839 3928 naturalis
1855 3875 1941 3943 ratio,
1954 3874 2076 3944 superba

369 3958 449 4027 ipsas
471 3958 614 4027 potentiae
638 3956 759 4010 rationu
785 3964 812 4010 tt
842 3956 1009 4024 vozuuuts,
1038 3957 1091 4009 ted
1120 3956 1210 4025 mouit
1235 3964 1290 4017 illa
1307 3962 1422 4018 domina
1437 3963 1520 4016 uerbo
1538 3979 1599 4017 sese
1618 3960 1756 4031 mbjicere
1775 3960 1883 4028 discat,
1902 3966 1934 4015 ut
1950 3959 2074 4032 loquitur

370 4044 501 4098 rationat-
538 4042 637 4099 Scotuc
654 4043 764 4112 statuit,
782 4042 900 4098 liberum
919 4041 1066 4098 arbitrium
1084 4060 1142 4098 ⁶⁸⁸⁶
1156 4061 1209 4113 PO-
1236 4058 1302 4106 tom.
1321 4054 1346 4105 3.
1364 4049 1456 4105 Latin.
1480 4049 1593 4105 lenens.
1618 4047 1639 4103 f.
1662 4054 1730 4117 ²⁰⁷3
1754 4047 1821 4102 alibi
1844 4047 1957 4102 interim
1974 4048 2076 4103 diserto

371 4131 486 4184 tentiam
503 4147 589 4183 unam
613 4136 639 4183 et
654 4128 877 4198 particularem,
907 4130 998 4199 ipsam
1016 4129 1146 4184 videlicet
1164 4148 1210 4184 oo·
1236 4136 1335 4191 scribit
1356 4142 1385 4190 et
1406 4139 1529 4208 pugnat,
1555 4137 1648 4191 Deum
1673 4152 1730 4190 non
1748 4151 1808 4190 esse
1827 4134 1936 4206 peccati
1954 4150 2076 4204 causam,

373 4215 523 4284 luntatcm,
543 4233 657 4285 eammse
675 4216 717 4270 ita
738 4232 797 4269 esse
814 4216 941 4282 liberam,
960 4224 991 4270 ut
1009 4234 1066 4270 non
1085 4216 1210 4287 pendeat
1235 4228 1345 4279 tantum
1362 4221 1451 4292 abeat,
1472 4229 1504 4278 ut
1522 4221 1603 4279 liberi
1619 4220 1727 4277 arbitrii
1745 4219 1838 4276 Deum
1858 4237 1917 4277 esee
1935 4227 2027 4292 neget.

372 4320 421 4357 nec
438 4302 637 4357 determinetur
656 4320 674 4355 a
689 4302 805 4370 judicio
826 4302 954 4371 practico
973 4302 1101 4356 rationis.
1136 4301 1210 4357 Tho·

373 4406 430 4444 mas
448 4396 478 4444 et
495 4391 556 4461 ejus
573 4388 694 4444 masclae
712 4388 830 4456 docent,
849 4387 967 4443 liberum
985 4387 1131 4443 arbitrium
1151 4406 1211 4443 esse

374 4478 484 4545 quidem
499 4477 657 4545 potentiam
675 4493 760 4529 unum
778 4483 804 4529 et
818 4475 1044 4544 particularem,
1063 4476 1154 4545 ipsum
1172 4475 1211 4529 oi·

374 4562 474 4616 delicet
499 4563 680 4626 uoluntatem,
708 4563 761 4615 sed
784 4561 911 4615 radicem
934 4562 1072 4616 libertatis
1098 4576 1155 4616 esse
1181 4561 1212 4615 in

374 4649 491 4703 ratione.
535 4654 559 4703 3.
585 4644 730 4703 (letfridus
760 4647 897 4717 disputet,
925 4649 1093 4703 uoluntatem
1115 4649 1212 4701 burna·

374 4752 440 4790 nam
457 4750 516 4788 esse
529 4734 686 4803 potentiam
699 4735 854 4803 passim.
890 4734 952 4789 Biel
969 4752 1034 4791 vero
1049 4735 1122 4805 vult,
1139 4734 1211 4790 arbi·
1501 4724 1565 4785 SE
1586 4724 1606 4786 (l
1624 4725 1649 4784 Τ
1665 4723 1683 4784 Ι
1702 4724 1725 4784 0
1759 4722 1819 4784 IV.

374 4820 456 4876 trium
470 4821 581 4892 purtim
598 4838 657 4875 esse
673 4822 833 4891 passivum,
853 4824 964 4891 panim
982 4822 1114 4891 activum,
1136 4820 1211 4877 Tho·

374 4925 432 4962 mm
458 4915 488 4964 ee
516 4907 564 4962 alii
589 4908 702 4978 quidam
731 4909 849 4964 22·an
875 4909 1023 4962 arbertum
1046 4908 1212 4976 amptum
1238 4880 1459 4947 EXAMEN
1497 4880 1644 4947 LIBRI
1681 4882 1712 4945 4.
1748 4876 2077 4945 BELLARMINI

373 4996 486 5060 fanum
512 4995 641 5053 autenm.
688 5002 712 5052 4.
742 4994 879 5050 Oceanus
907 4994 1045 5065 disputat,
1075 4995 1211 5063 objectum
1257 4984 1325 5049 DE
1356 4983 1576 5051 VIRIBUS
1605 4982 1786 5050 LIBERI
1815 4980 2057 5048 ARBITRII

374 5082 458 5137 liberi
482 5082 599 5137 arbitrii
616 5098 681 5137 esse
708 5082 808 5136 mnam
834 5090 859 5136 et
881 5082 1001 5150 malum,
1030 5079 1129 5152 reliqui
1146 5095 1212 5135 vero
1426 5085 1482 5152 IN
1514 5082 1901 5153 NATURALlBUS,

375 5185 469 5224 omnes
494 5176 602 5223 tantum
629 5170 728 5223 bonum
753 5185 811 5222 esse
830 5167 980 5237 proprium
1002 5175 1027 5220 et
1040 5167 1213 5235 primarium
1271 5184 1274 5190 ⁴
1439 5168 1441 5172 ’

375 5255 526 5311 somniatis
545 5255 680 5324 objectum
697 5259 831 5309 statuunt.
868 5260 893 5310 5.
916 5251 1104 5319 Lombarduc,
1125 5252 1213 5309 Ooca-
1275 5263 1316 5312 65.
1349 5254 1425 5310 Libr.
1439 5260 1463 5310 t.
1481 5253 1639 5309 donabus
1657 5251 1737 5308 liberi
1754 5251 1861 5307 arbitrii
1878 5268 1961 5323 agere
1978 5251 2077 5323 incipit
2090 5261 2153 5313 Qus·

375 5360 435 5398 mus
453 5347 483 5397 et
494 5340 558 5395 Biel
572 5346 704 5408 statuunt,
726 5340 843 5394 liberum
862 5340 1011 5394 arbitrium
1030 5356 1089 5393 esse
1105 5347 1213 5394 tantum
1239 5348 1268 5399 et
1285 5342 1385 5413 probat
1401 5348 1522 5395 naturae
1538 5340 1646 5394 atrimae
1663 5338 1795 5407 coqnosci
1806 5354 1900 5408 poree,
1913 5340 2007 5393 Deum
2018 5356 2076 5394 esee
2088 5316 2189 5405 ζῗξῆῃι.

372 5430 545 5496 saturanum,
580 5425 764 5481 Arimmensis
783 5431 878 5482 censet
899 5425 1104 5479 inchoationem
1124 5407 1226 5479 actio-i
1239 5438 1266 5484 et
1283 5445 1343 5483 esse
1359 5445 1454 5497 unum,
1473 5436 1500 5481 et
1516 5425 1549 5479 id
1567 5442 1654 5497 oenus
1672 5426 1742 5493 alia,
1762 5442 1786 5481 c.
1806 5430 1828 5480 2.
1844 5426 1956 5496 requiri
1972 5433 1999 5480 et
2015 5428 2075 5494 sus·
2087 5416 2188 5509 {ffssffs

375 5515 419 5568 nis
445 5515 530 5569 eliam
555 5513 585 5568 in
607 5513 755 5584 macenti
777 5512 894 5568 liberam
917 5529 976 5567 esse
998 5529 1095 5582 posse,
1123 5520 1214 5567 tamen
1233 5518 1323 5585 ficere
1349 5514 1487 5569 auxilium
1511 5511 1641 5580 ¹uenerale
1665 5514 1707 5565 ad
1732 5511 1858 5565 actimes
1878 5513 2027 5567 naturales
2050 5518 2196 5568 accurat.

375 5602 609 5656 continuationem
634 5601 762 5669 aliquam
789 5601 901 5654 omnino
930 5616 989 5654 esse
1018 5600 1213 5655 necessariam.
1240 5600 1353 5665 cimlm,
1382 5617 1405 5655 c.
1425 5606 1455 5656 4:
1483 5596 1557 5669 quod
1585 5596 1704 5651 libenter
1727 5597 1917 5667 concedimus,
1944 5604 1986 5653 cst
2003 5597 2078 5653 enim

375 5688 475 5745 Scotus
486 5687 576 5744 etalii
592 5693 726 5756 statuunt,
746 5706 803 5742 non
821 5689 911 5743 solum
927 5690 1054 5754 ficturus,
1070 5688 1216 5741 sedetiam
1241 5686 1337 5759 'aliqua
1353 5684 1488 5740 naturalis
1504 5682 1559 5738 Dei
1576 5683 1691 5753 notitia,
1712 5683 1762 5739 scd
1778 5684 1915 5757 languida
1932 5690 1961 5740 et
1978 5683 2077 5756 imper·

372 5783 541 5846 praesentes
553 5775 686 5843 octones,
705 5791 755 5831 nec
774 5781 878 5826 tontum
898 5787 995 5827 eonem
1012 5773 1217 5828 inchoationem
1244 5772 1335 5843 tecta,
1359 5771 1436 5828 norit
1455 5769 1527 5826 ratio
1544 5769 1666 5842 aliquam
1685 5772 1850 5843 particulam
1868 5772 1940 5843 legis
1959 5771 2078 5843 divinae,

377 5864 430 5917 ssd
446 5861 534 5917 emam
550 5861 787 5917 continuationem
805 5859 836 5915 in
856 5859 941 5914 liberi
956 5858 1072 5915 arbitrii
1079 5868 1218 5931 potestate
1244 5866 1339 5935 potest
1362 5876 1397 5918 cx
1419 5865 1525 5921 κοιναῖς
1544 5858 1663 5920 ἐννοίαις
1688 5866 1717 5916 et
1732 5859 1805 5918 libro
1826 5870 1943 5915 natume
1962 5859 2079 5925 ducas,

432 5955 599 6000 demulcet.
623 5955 652 5998 Π.
1713 5968 1743 6018 ¹7

1554 4531 1762 4542 u--n——un
