<?xml version="1.0" encoding="UTF-8"?>
<!DOCTYPE html PUBLIC "-//W3C//DTD XHTML 1.0 Transitional//EN"
    "http://www.w3.org/TR/xhtml1/DTD/xhtml1-transitional.dtd">
<html xmlns="http://www.w3.org/1999/xhtml" xml:lang="en" lang="en">
 <head>
  <title>
</title>
<meta http-equiv="Content-Type" content="text/html;charset=utf-8" />
  <meta name='ocr-system' content='tesseract 3.04.00' />
  <meta name='ocr-capabilities' content='ocr_page ocr_carea ocr_par ocr_line ocrx_word'/>
</head>
<body>
  <div class='ocr_page' id='page_1' title='image "./locitheologicit04gerhgoog/locitheologicit04gerhgoog_0253.png"; bbox 0 0 5017 6675; ppageno 0'>
   <div class='ocr_carea' id='block_1_1' title="bbox 452 525 1497 599">
    <p class='ocr_par' dir='ltr' id='par_1_1' title="bbox 452 525 1497 599">
     <span class='ocr_line' id='line_1_1' title="bbox 452 525 1497 599; baseline 0.004 -16"><span class='ocrx_word' id='word_1_1' title='bbox 452 541 514 599; x_wconf 63' lang='grc' dir='ltr'>με</span> <span class='ocrx_word' id='word_1_2' title='bbox 751 566 754 573; x_wconf 80' lang='lat'>·</span> <span class='ocrx_word' id='word_1_3' title='bbox 1126 525 1251 585; x_wconf 78' lang='lat' dir='ltr'>notus</span> <span class='ocrx_word' id='word_1_4' title='bbox 1270 525 1497 587; x_wconf 79' lang='lat' dir='ltr'>UNDECIMUS</span> 
     </span>
    </p>
   </div>
   <div class='ocr_carea' id='block_1_2' title="bbox 329 680 2207 5840">
    <p class='ocr_par' dir='ltr' id='par_1_2' title="bbox 433 680 2205 1617">
     <span class='ocr_line' id='line_1_2' title="bbox 433 680 2160 755; baseline -0.001 -13"><span class='ocrx_word' id='word_1_5' title='bbox 433 691 482 742; x_wconf 88' lang='lat' dir='ltr'>·et</span> <span class='ocrx_word' id='word_1_6' title='bbox 499 682 661 741; x_wconf 58' lang='lat' dir='ltr'>Bernharm</span> <span class='ocrx_word' id='word_1_7' title='bbox 681 682 832 749; x_wconf 75' lang='lat' dir='ltr'>medimna,</span> <span class='ocrx_word' id='word_1_8' title='bbox 857 680 948 753; x_wconf 82' lang='lat' dir='ltr'>majus</span> <span class='ocrx_word' id='word_1_9' title='bbox 967 680 1021 737; x_wconf 90' lang='lat' dir='ltr'>Dei</span> <span class='ocrx_word' id='word_1_10' title='bbox 1040 699 1110 753; x_wconf 90' lang='lat' dir='ltr'>opus</span> <span class='ocrx_word' id='word_1_11' title='bbox 1130 687 1222 738; x_wconf 86' lang='lat' dir='ltr'>estex</span> <span class='ocrx_word' id='word_1_12' title='bbox 1240 681 1290 736; x_wconf 92' lang='lat' dir='ltr'>im·</span> <span class='ocrx_word' id='word_1_13' title='bbox 1319 683 1446 738; x_wconf 83' lang='lat' dir='ltr'>eneitam&#39;t</span> <span class='ocrx_word' id='word_1_14' title='bbox 1465 703 1514 739; x_wconf 89' lang='lat' dir='ltr'>cor</span> <span class='ocrx_word' id='word_1_15' title='bbox 1532 692 1622 754; x_wconf 74' lang='lat' dir='ltr'>mum,</span> <span class='ocrx_word' id='word_1_16' title='bbox 1648 691 1674 738; x_wconf 89' lang='lat' dir='ltr'>et</span> <span class='ocrx_word' id='word_1_17' title='bbox 1694 701 1780 754; x_wconf 87' lang='lat' dir='ltr'>posse</span> <span class='ocrx_word' id='word_1_18' title='bbox 1797 686 1953 755; x_wconf 87' lang='lat' dir='ltr'>implorare</span> <span class='ocrx_word' id='word_1_19' title='bbox 1971 686 2090 739; x_wconf 69' lang='lat' dir='ltr'>donant</span> <span class='ocrx_word' id='word_1_20' title='bbox 2107 686 2160 740; x_wconf 81' lang='lat' dir='ltr'>tibi</span> 
     </span>
     <span class='ocr_line' id='line_1_3' title="bbox 452 765 2159 843; baseline 0.001 -17"><span class='ocrx_word' id='word_1_21' title='bbox 452 772 500 843; x_wconf 89' lang='lat' dir='ltr'>pio</span> <span class='ocrx_word' id='word_1_22' title='bbox 523 771 601 842; x_wconf 91' lang='lat' dir='ltr'>pium</span> <span class='ocrx_word' id='word_1_23' title='bbox 624 769 727 836; x_wconf 83' lang='lat' dir='ltr'>facere,</span> <span class='ocrx_word' id='word_1_24' title='bbox 754 785 836 840; x_wconf 86' lang='lat' dir='ltr'>quam</span> <span class='ocrx_word' id='word_1_25' title='bbox 862 769 970 824; x_wconf 88' lang='lat' dir='ltr'>coelum</span> <span class='ocrx_word' id='word_1_26' title='bbox 996 774 1024 823; x_wconf 89' lang='lat' dir='ltr'>et</span> <span class='ocrx_word' id='word_1_27' title='bbox 1050 776 1152 823; x_wconf 85' lang='lat' dir='ltr'>terrem</span> <span class='ocrx_word' id='word_1_28' title='bbox 1179 765 1291 841; x_wconf 82' lang='lat' dir='ltr'>creare]</span> <span class='ocrx_word' id='word_1_29' title='bbox 1319 771 1412 837; x_wconf 65' lang='lat' dir='ltr'>Dens,</span> <span class='ocrx_word' id='word_1_30' title='bbox 1436 779 1477 824; x_wconf 87' lang='lat' dir='ltr'>est</span> <span class='ocrx_word' id='word_1_31' title='bbox 1501 775 1573 825; x_wconf 84' lang='lat' dir='ltr'>enin</span> <span class='ocrx_word' id='word_1_32' title='bbox 1597 773 1647 841; x_wconf 79' lang='lat' dir='ltr'>qni</span> <span class='ocrx_word' id='word_1_33' title='bbox 1669 781 1804 841; x_wconf 87' lang='lat' dir='ltr'>operatur</span> <span class='ocrx_word' id='word_1_34' title='bbox 1826 774 1859 825; x_wconf 86' lang='lat' dir='ltr'>in</span> <span class='ocrx_word' id='word_1_35' title='bbox 1881 772 1962 827; x_wconf 57' lang='lat' dir='ltr'>nobs}</span> <span class='ocrx_word' id='word_1_36' title='bbox 1983 780 2011 827; x_wconf 87' lang='lat' dir='ltr'>et</span> <span class='ocrx_word' id='word_1_37' title='bbox 2033 772 2106 826; x_wconf 76' lang='lat' dir='ltr'>sede</span> <span class='ocrx_word' id='word_1_38' title='bbox 2131 779 2159 827; x_wconf 88' lang='lat' dir='ltr'>et</span> 
     </span>
     <span class='ocr_line' id='line_1_4' title="bbox 455 854 2159 929; baseline -0.002 -15"><span class='ocrx_word' id='word_1_39' title='bbox 455 857 578 914; x_wconf 86' lang='lat' dir='ltr'>Observa</span> <span class='ocrx_word' id='word_1_40' title='bbox 602 857 688 929; x_wconf 80' lang='lat' dir='ltr'>igitur</span> <span class='ocrx_word' id='word_1_41' title='bbox 709 854 799 910; x_wconf 89' lang='lat' dir='ltr'>Deum</span> <span class='ocrx_word' id='word_1_42' title='bbox 822 854 945 924; x_wconf 87' lang='lat' dir='ltr'>aperire,</span> <span class='ocrx_word' id='word_1_43' title='bbox 970 861 1142 924; x_wconf 90' lang='lat' dir='ltr'>convertere,</span> <span class='ocrx_word' id='word_1_44' title='bbox 1168 856 1293 910; x_wconf 86' lang='lat' dir='ltr'>emollire</span> <span class='ocrx_word' id='word_1_45' title='bbox 1318 858 1436 926; x_wconf 83' lang='lat' dir='ltr'>operari</span> <span class='ocrx_word' id='word_1_46' title='bbox 1447 877 1502 928; x_wconf 86' lang='lat' dir='ltr'>pro</span> <span class='ocrx_word' id='word_1_47' title='bbox 1522 860 1593 912; x_wconf 85' lang='lat' dir='ltr'>bona</span> <span class='ocrx_word' id='word_1_48' title='bbox 1613 859 1764 924; x_wconf 86' lang='lat' dir='ltr'>uoluntate,</span> <span class='ocrx_word' id='word_1_49' title='bbox 1783 859 1860 929; x_wconf 76' lang='lat' dir='ltr'>piria,</span> <span class='ocrx_word' id='word_1_50' title='bbox 1878 866 1910 911; x_wconf 87' lang='lat' dir='ltr'>ut</span> <span class='ocrx_word' id='word_1_51' title='bbox 1930 857 2159 913; x_wconf 68' lang='lat' dir='ltr'>messeanam</span> 
     </span>
     <span class='ocr_line' id='line_1_5' title="bbox 454 942 2158 1015; baseline 0 -16"><span class='ocrx_word' id='word_1_52' title='bbox 454 944 547 1013; x_wconf 83' lang='lat' dir='ltr'>corda,</span> <span class='ocrx_word' id='word_1_53' title='bbox 565 944 615 999; x_wconf 87' lang='lat' dir='ltr'>sed</span> <span class='ocrx_word' id='word_1_54' title='bbox 634 942 700 1015; x_wconf 89' lang='lat' dir='ltr'>quia</span> <span class='ocrx_word' id='word_1_55' title='bbox 716 942 797 995; x_wconf 87' lang='lat' dir='ltr'>nimis</span> <span class='ocrx_word' id='word_1_56' title='bbox 816 948 880 995; x_wconf 89' lang='lat' dir='ltr'>sunt</span> <span class='ocrx_word' id='word_1_57' title='bbox 898 942 977 1010; x_wconf 90' lang='lat' dir='ltr'>dura,</span> <span class='ocrx_word' id='word_1_58' title='bbox 995 943 1113 998; x_wconf 87' lang='lat' dir='ltr'>conterit</span> <span class='ocrx_word' id='word_1_59' title='bbox 1130 949 1159 998; x_wconf 91' lang='lat' dir='ltr'>et</span> <span class='ocrx_word' id='word_1_60' title='bbox 1177 942 1292 997; x_wconf 91' lang='lat' dir='ltr'>circum·</span> <span class='ocrx_word' id='word_1_61' title='bbox 1317 944 1495 1012; x_wconf 79' lang='lat' dir='ltr'>uolirntatem,</span> <span class='ocrx_word' id='word_1_62' title='bbox 1520 946 1598 999; x_wconf 85' lang='lat' dir='ltr'>iilius</span> <span class='ocrx_word' id='word_1_63' title='bbox 1620 946 1729 999; x_wconf 84' lang='lat' dir='ltr'>uocatid</span> <span class='ocrx_word' id='word_1_64' title='bbox 1747 944 1909 1013; x_wconf 88' lang='lat' dir='ltr'>praecessit.</span> <span class='ocrx_word' id='word_1_65' title='bbox 1944 942 2031 1000; x_wconf 86' lang='lat' dir='ltr'>Serm.</span> <span class='ocrx_word' id='word_1_66' title='bbox 2057 949 2096 999; x_wconf 82' lang='lat'>11.</span> <span class='ocrx_word' id='word_1_67' title='bbox 2115 961 2158 999; x_wconf 77' lang='lat' dir='ltr'>se</span> 
     </span>
     <span class='ocr_line' id='line_1_6' title="bbox 455 1027 2158 1102; baseline 0 -18"><span class='ocrx_word' id='word_1_68' title='bbox 455 1029 541 1096; x_wconf 90' lang='lat' dir='ltr'>cidit,</span> <span class='ocrx_word' id='word_1_69' title='bbox 570 1029 681 1102; x_wconf 86' lang='lat' dir='ltr'>quaudo</span> <span class='ocrx_word' id='word_1_70' title='bbox 699 1027 789 1082; x_wconf 90' lang='lat' dir='ltr'>adhuc</span> <span class='ocrx_word' id='word_1_71' title='bbox 809 1027 878 1081; x_wconf 91' lang='lat' dir='ltr'>nihil</span> <span class='ocrx_word' id='word_1_72' title='bbox 897 1027 1019 1098; x_wconf 91' lang='lat' dir='ltr'>perficit,</span> <span class='ocrx_word' id='word_1_73' title='bbox 1048 1028 1139 1083; x_wconf 82' lang='lat' dir='ltr'><strong>aufert</strong></span> <span class='ocrx_word' id='word_1_74' title='bbox 1157 1045 1204 1083; x_wconf 90' lang='lat' dir='ltr'>cor</span> <span class='ocrx_word' id='word_1_75' title='bbox 1224 1027 1293 1097; x_wconf 89' lang='lat' dir='ltr'>lapi·</span> <span class='ocrx_word' id='word_1_76' title='bbox 1320 1035 1435 1100; x_wconf 82' lang='lat' dir='ltr'>quante:</span> <span class='ocrx_word' id='word_1_77' title='bbox 1466 1031 1545 1084; x_wconf 86' lang='lat' dir='ltr'>Vidit</span> <span class='ocrx_word' id='word_1_78' title='bbox 1564 1031 1690 1100; x_wconf 82' lang='lat' dir='ltr'>Spiritus</span> <span class='ocrx_word' id='word_1_79' title='bbox 1710 1050 1731 1086; x_wconf 89' lang='grc' dir='ltr'>ε.</span> <span class='ocrx_word' id='word_1_80' title='bbox 1752 1033 1891 1099; x_wconf 78' lang='lat' dir='ltr'>quosdam</span> <span class='ocrx_word' id='word_1_81' title='bbox 1909 1030 2034 1084; x_wconf 86' lang='lat' dir='ltr'>dieentes</span> <span class='ocrx_word' id='word_1_82' title='bbox 2050 1031 2096 1084; x_wconf 84' lang='lat' dir='ltr'>uel</span> <span class='ocrx_word' id='word_1_83' title='bbox 2113 1030 2158 1084; x_wconf 88' lang='lat' dir='ltr'>di·</span> 
     </span>
     <span class='ocr_line' id='line_1_7' title="bbox 455 1114 2159 1186; baseline -0.001 -15"><span class='ocrx_word' id='word_1_84' title='bbox 455 1117 553 1184; x_wconf 87' lang='lat' dir='ltr'>deum,</span> <span class='ocrx_word' id='word_1_85' title='bbox 580 1115 643 1179; x_wconf 82' lang='lat' dir='ltr'>nst,</span> <span class='ocrx_word' id='word_1_86' title='bbox 667 1114 722 1169; x_wconf 86' lang='lat' dir='ltr'>imo</span> <span class='ocrx_word' id='word_1_87' title='bbox 748 1118 826 1168; x_wconf 87' lang='lat' dir='ltr'>creat</span> <span class='ocrx_word' id='word_1_88' title='bbox 853 1131 962 1168; x_wconf 88' lang='lat' dir='ltr'>novum.</span> <span class='ocrx_word' id='word_1_89' title='bbox 998 1114 1139 1169; x_wconf 89' lang='lat' dir='ltr'>Infirmam</span> <span class='ocrx_word' id='word_1_90' title='bbox 1166 1119 1293 1169; x_wconf 85' lang='lat' dir='ltr'>naturam</span> <span class='ocrx_word' id='word_1_91' title='bbox 1320 1124 1422 1184; x_wconf 90' lang='lat' dir='ltr'>cturos,</span> <span class='ocrx_word' id='word_1_92' title='bbox 1444 1119 1521 1186; x_wconf 77' lang='lat' dir='ltr'>quod</span> <span class='ocrx_word' id='word_1_93' title='bbox 1535 1119 1613 1170; x_wconf 83' lang='lat' dir='ltr'>Deus</span> <span class='ocrx_word' id='word_1_94' title='bbox 1632 1135 1679 1170; x_wconf 90' lang='lat' dir='ltr'>eos</span> <span class='ocrx_word' id='word_1_95' title='bbox 1696 1118 1942 1185; x_wconf 80' lang='lat' dir='ltr'>fecerittromines,</span> <span class='ocrx_word' id='word_1_96' title='bbox 1956 1118 2051 1185; x_wconf 80' lang='lat' dir='ltr'>justos</span> <span class='ocrx_word' id='word_1_97' title='bbox 2065 1126 2159 1171; x_wconf 89' lang='lat' dir='ltr'>autem</span> 
     </span>
     <span class='ocr_line' id='line_1_8' title="bbox 459 1200 2158 1272; baseline -0.001 -15"><span class='ocrx_word' id='word_1_98' title='bbox 459 1204 583 1259; x_wconf 87' lang='lat' dir='ltr'>medicus</span> <span class='ocrx_word' id='word_1_99' title='bbox 601 1201 648 1258; x_wconf 88' lang='lat' dir='ltr'>ille</span> <span class='ocrx_word' id='word_1_100' title='bbox 667 1207 759 1256; x_wconf 88' lang='lat' dir='ltr'>noster</span> <span class='ocrx_word' id='word_1_101' title='bbox 780 1201 877 1271; x_wconf 88' lang='lat' dir='ltr'>[Exod.</span> <span class='ocrx_word' id='word_1_102' title='bbox 898 1207 945 1269; x_wconf 83' lang='lat'>15,</span> <span class='ocrx_word' id='word_1_103' title='bbox 965 1202 1016 1270; x_wconf 74' lang='lat' dir='ltr'>aa]</span> <span class='ocrx_word' id='word_1_104' title='bbox 1036 1201 1155 1272; x_wconf 80' lang='lat' dir='ltr'>obligat,</span> <span class='ocrx_word' id='word_1_105' title='bbox 1179 1200 1295 1257; x_wconf 76' lang='lat' dir='ltr'>adhibet</span> <span class='ocrx_word' id='word_1_106' title='bbox 1319 1203 1378 1271; x_wconf 83' lang='lat' dir='ltr'>ipsi</span> <span class='ocrx_word' id='word_1_107' title='bbox 1392 1219 1422 1256; x_wconf 84' lang='lat' dir='ltr'>se</span> <span class='ocrx_word' id='word_1_108' title='bbox 1439 1204 1568 1270; x_wconf 83' lang='lat' dir='ltr'>faciunt,</span> <span class='ocrx_word' id='word_1_109' title='bbox 1592 1204 1737 1272; x_wconf 76' lang='lat' dir='ltr'><strong><em>praevidit</em></strong></span> <span class='ocrx_word' id='word_1_110' title='bbox 1758 1220 1817 1271; x_wconf 87' lang='lat' dir='ltr'>cos,</span> <span class='ocrx_word' id='word_1_111' title='bbox 1841 1203 1987 1256; x_wconf 75' lang='lat' dir='ltr'><strong><em>admonuit</em></strong></span> <span class='ocrx_word' id='word_1_112' title='bbox 2011 1219 2058 1257; x_wconf 89' lang='lat' dir='ltr'>eos</span> <span class='ocrx_word' id='word_1_113' title='bbox 2078 1210 2105 1257; x_wconf 88' lang='lat' dir='ltr'>et</span> <span class='ocrx_word' id='word_1_114' title='bbox 2121 1203 2158 1255; x_wconf 80' lang='lat' dir='ltr'>ab</span> 
     </span>
     <span class='ocr_line' id='line_1_9' title="bbox 458 1285 2205 1359; baseline 0 -15"><span class='ocrx_word' id='word_1_115' title='bbox 458 1289 587 1355; x_wconf 89' lang='lat' dir='ltr'>remedia,</span> <span class='ocrx_word' id='word_1_116' title='bbox 605 1286 654 1343; x_wconf 89' lang='lat' dir='ltr'>sed</span> <span class='ocrx_word' id='word_1_117' title='bbox 665 1285 718 1341; x_wconf 89' lang='lat' dir='ltr'>hoc</span> <span class='ocrx_word' id='word_1_118' title='bbox 731 1295 843 1357; x_wconf 89' lang='lat' dir='ltr'>propter</span> <span class='ocrx_word' id='word_1_119' title='bbox 855 1295 1004 1342; x_wconf 87' lang='lat' dir='ltr'>extremam</span> <span class='ocrx_word' id='word_1_120' title='bbox 1019 1289 1080 1358; x_wconf 90' lang='lat' dir='ltr'>ejus</span> <span class='ocrx_word' id='word_1_121' title='bbox 1091 1286 1294 1357; x_wconf 82' lang='lat' dir='ltr'>corruptionem</span> <span class='ocrx_word' id='word_1_122' title='bbox 1320 1288 1374 1342; x_wconf 80' lang='lat' dir='ltr'>iac</span> <span class='ocrx_word' id='word_1_123' title='bbox 1391 1289 1554 1343; x_wconf 71' lang='lat' dir='ltr'><em>extollentia</em></span> <span class='ocrx_word' id='word_1_124' title='bbox 1571 1289 1710 1344; x_wconf 82' lang='lat' dir='ltr'>reuocauit</span> <span class='ocrx_word' id='word_1_125' title='bbox 1727 1305 1775 1343; x_wconf 86' lang='lat' dir='ltr'>eos</span> <span class='ocrx_word' id='word_1_126' title='bbox 1793 1289 1904 1357; x_wconf 89' lang='lat' dir='ltr'>dicens,</span> <span class='ocrx_word' id='word_1_127' title='bbox 1928 1289 1988 1359; x_wconf 88' lang='lat' dir='ltr'>ipse</span> <span class='ocrx_word' id='word_1_128' title='bbox 2010 1289 2082 1353; x_wconf 79' lang='lat' dir='ltr'>fecit</span> <span class='ocrx_word' id='word_1_129' title='bbox 2106 1307 2159 1344; x_wconf 83' lang='lat' dir='ltr'>noe</span> <span class='ocrx_word' id='word_1_130' title='bbox 2192 1322 2205 1330; x_wconf 87' lang='lat'>-</span> 
     </span>
     <span class='ocr_line' id='line_1_10' title="bbox 458 1371 2159 1446; baseline -0.001 -16"><span class='ocrx_word' id='word_1_131' title='bbox 458 1392 514 1430; x_wconf 88' lang='lat' dir='ltr'>non</span> <span class='ocrx_word' id='word_1_132' title='bbox 535 1373 644 1437; x_wconf 83' lang='lat' dir='ltr'>sufficit,</span> <span class='ocrx_word' id='word_1_133' title='bbox 661 1373 821 1427; x_wconf 88' lang='lat' dir='ltr'>renovanda</span> <span class='ocrx_word' id='word_1_134' title='bbox 840 1379 890 1442; x_wconf 80' lang='lat' dir='ltr'>est,</span> <span class='ocrx_word' id='word_1_135' title='bbox 910 1389 943 1427; x_wconf 87' lang='lat' dir='ltr'>ex</span> <span class='ocrx_word' id='word_1_136' title='bbox 962 1374 1075 1428; x_wconf 83' lang='lat' dir='ltr'>mortuis</span> <span class='ocrx_word' id='word_1_137' title='bbox 1091 1371 1294 1438; x_wconf 82' lang='lat' dir='ltr'>exsuscitanda,</span> <span class='ocrx_word' id='word_1_138' title='bbox 1321 1383 1346 1427; x_wconf 85' lang='lat' dir='ltr'>et</span> <span class='ocrx_word' id='word_1_139' title='bbox 1363 1393 1419 1429; x_wconf 91' lang='lat' dir='ltr'>non</span> <span class='ocrx_word' id='word_1_140' title='bbox 1436 1376 1494 1444; x_wconf 88' lang='lat' dir='ltr'>ipsi</span> <span class='ocrx_word' id='word_1_141' title='bbox 1511 1393 1569 1432; x_wconf 83' lang='lat' dir='ltr'>nos.</span> <span class='ocrx_word' id='word_1_142' title='bbox 1608 1376 1701 1438; x_wconf 83' lang='lat' dir='ltr'>Quare</span> <span class='ocrx_word' id='word_1_143' title='bbox 1719 1376 1791 1428; x_wconf 88' lang='lat' dir='ltr'>enim</span> <span class='ocrx_word' id='word_1_144' title='bbox 1808 1376 1940 1444; x_wconf 82' lang='lat' dir='ltr'>addidit,</span> <span class='ocrx_word' id='word_1_145' title='bbox 1967 1382 1993 1428; x_wconf 87' lang='lat' dir='ltr'>et</span> <span class='ocrx_word' id='word_1_146' title='bbox 2018 1392 2075 1430; x_wconf 90' lang='lat' dir='ltr'>non</span> <span class='ocrx_word' id='word_1_147' title='bbox 2099 1375 2159 1446; x_wconf 81' lang='lat' dir='ltr'>ipsi</span> 
     </span>
     <span class='ocr_line' id='line_1_11' title="bbox 457 1458 2159 1532; baseline -0.001 -16"><span class='ocrx_word' id='word_1_148' title='bbox 457 1459 660 1532; x_wconf 74' lang='lat' dir='ltr'>regeneranda,</span> <span class='ocrx_word' id='word_1_149' title='bbox 681 1475 737 1512; x_wconf 91' lang='lat' dir='ltr'>non</span> <span class='ocrx_word' id='word_1_150' title='bbox 756 1458 900 1513; x_wconf 87' lang='lat' dir='ltr'>sanatione</span> <span class='ocrx_word' id='word_1_151' title='bbox 917 1464 1036 1530; x_wconf 86' lang='lat' dir='ltr'>tantum,</span> <span class='ocrx_word' id='word_1_152' title='bbox 1053 1460 1102 1513; x_wconf 89' lang='lat' dir='ltr'>sed</span> <span class='ocrx_word' id='word_1_153' title='bbox 1121 1476 1193 1515; x_wconf 89' lang='lat' dir='ltr'>nova</span> <span class='ocrx_word' id='word_1_154' title='bbox 1210 1458 1294 1529; x_wconf 91' lang='lat' dir='ltr'>plane</span> <span class='ocrx_word' id='word_1_155' title='bbox 1321 1478 1379 1525; x_wconf 86' lang='lat' dir='ltr'>noe,</span> <span class='ocrx_word' id='word_1_156' title='bbox 1397 1479 1458 1514; x_wconf 79' lang='lat' dir='ltr'>crim</span> <span class='ocrx_word' id='word_1_157' title='bbox 1475 1463 1618 1528; x_wconf 77' lang='lat' dir='ltr'>sufficeret</span> <span class='ocrx_word' id='word_1_158' title='bbox 1639 1464 1747 1529; x_wconf 86' lang='lat' dir='ltr'>dicere,</span> <span class='ocrx_word' id='word_1_159' title='bbox 1762 1463 1823 1530; x_wconf 89' lang='lat' dir='ltr'>ipsc</span> <span class='ocrx_word' id='word_1_160' title='bbox 1837 1462 1910 1528; x_wconf 76' lang='lat' dir='ltr'>feeit</span> <span class='ocrx_word' id='word_1_161' title='bbox 1927 1479 1992 1529; x_wconf 87' lang='lat' dir='ltr'>noe,</span> <span class='ocrx_word' id='word_1_162' title='bbox 2011 1462 2070 1514; x_wconf 73' lang='lat' dir='ltr'>nesi</span> <span class='ocrx_word' id='word_1_163' title='bbox 2088 1460 2159 1532; x_wconf 70' lang='lat' dir='ltr'>piria</span> 
     </span>
     <span class='ocr_line' id='line_1_12' title="bbox 456 1544 2158 1617; baseline -0.002 -13"><span class='ocrx_word' id='word_1_164' title='bbox 456 1546 629 1604; x_wconf 71' lang='lat' dir='ltr'>renascentia</span> <span class='ocrx_word' id='word_1_165' title='bbox 646 1562 716 1615; x_wconf 88' lang='lat' dir='ltr'>opus</span> <span class='ocrx_word' id='word_1_166' title='bbox 733 1544 826 1599; x_wconf 89' lang='lat' dir='ltr'>habet.</span> <span class='ocrx_word' id='word_1_167' title='bbox 1306 1547 1402 1617; x_wconf 67' lang='lat' dir='ltr'>filiam</span> <span class='ocrx_word' id='word_1_168' title='bbox 1414 1549 1566 1616; x_wconf 85' lang='lat' dir='ltr'>facturam</span> <span class='ocrx_word' id='word_1_169' title='bbox 1584 1549 1672 1603; x_wconf 87' lang='lat' dir='ltr'>uoluit</span> <span class='ocrx_word' id='word_1_170' title='bbox 1692 1550 1857 1614; x_wconf 88' lang='lat' dir='ltr'>admonere,</span> <span class='ocrx_word' id='word_1_171' title='bbox 1881 1547 1931 1599; x_wconf 80' lang='lat' dir='ltr'>ubi</span> <span class='ocrx_word' id='word_1_172' title='bbox 1953 1548 2051 1601; x_wconf 89' lang='lat' dir='ltr'>dicunt</span> <span class='ocrx_word' id='word_1_173' title='bbox 2070 1545 2158 1601; x_wconf 77' lang='lat' dir='ltr'>horni-</span> 
     </span>
    </p>

    <p class='ocr_par' dir='ltr' id='par_1_3' title="bbox 329 1626 2163 5146">
     <span class='ocr_line' id='line_1_13' title="bbox 330 1626 2159 1704; baseline 0 -16"><span class='ocrx_word' id='word_1_174' title='bbox 330 1646 405 1688; x_wconf 74' lang='lat' dir='ltr'>nsss·</span> <span class='ocrx_word' id='word_1_175' title='bbox 490 1638 531 1690; x_wconf 81' lang='lat' dir='ltr'>n.</span> <span class='ocrx_word' id='word_1_176' title='bbox 565 1632 681 1704; x_wconf 81' lang='lat' dir='ltr'>Regerit</span> <span class='ocrx_word' id='word_1_177' title='bbox 698 1631 882 1686; x_wconf 84' lang='lat' dir='ltr'>Bellarminus</span> <span class='ocrx_word' id='word_1_178' title='bbox 906 1637 930 1686; x_wconf 86' lang='lat'>5.</span> <span class='ocrx_word' id='word_1_179' title='bbox 954 1630 989 1687; x_wconf 92' lang='lat' dir='ltr'>de</span> <span class='ocrx_word' id='word_1_180' title='bbox 1014 1636 1085 1702; x_wconf 80' lang='lat' dir='ltr'>grat.</span> <span class='ocrx_word' id='word_1_181' title='bbox 1110 1636 1138 1687; x_wconf 91' lang='lat' dir='ltr'>et</span> <span class='ocrx_word' id='word_1_182' title='bbox 1161 1631 1208 1687; x_wconf 90' lang='lat' dir='ltr'>lib.</span> <span class='ocrx_word' id='word_1_183' title='bbox 1233 1630 1292 1685; x_wconf 88' lang='lat' dir='ltr'>arb.</span> <span class='ocrx_word' id='word_1_184' title='bbox 1307 1626 1377 1702; x_wconf 85' lang='lat' dir='ltr'>nes,</span> <span class='ocrx_word' id='word_1_185' title='bbox 1397 1634 1456 1703; x_wconf 89' lang='lat' dir='ltr'>ipsi</span> <span class='ocrx_word' id='word_1_186' title='bbox 1464 1635 1585 1698; x_wconf 84' lang='lat' dir='ltr'>fecimus</span> <span class='ocrx_word' id='word_1_187' title='bbox 1597 1653 1657 1700; x_wconf 85' lang='lat' dir='ltr'>nos,</span> <span class='ocrx_word' id='word_1_188' title='bbox 1676 1635 1709 1688; x_wconf 87' lang='lat' dir='ltr'>id</span> <span class='ocrx_word' id='word_1_189' title='bbox 1721 1643 1769 1702; x_wconf 88' lang='lat' dir='ltr'>est,</span> <span class='ocrx_word' id='word_1_190' title='bbox 1788 1643 1818 1686; x_wconf 90' lang='lat' dir='ltr'>ut</span> <span class='ocrx_word' id='word_1_191' title='bbox 1830 1634 1907 1702; x_wconf 87' lang='lat' dir='ltr'>justi</span> <span class='ocrx_word' id='word_1_192' title='bbox 1920 1650 2049 1702; x_wconf 77' lang='lat' dir='ltr'>essemiss,</span> <span class='ocrx_word' id='word_1_193' title='bbox 2060 1634 2159 1703; x_wconf 77' lang='lat' dir='ltr'>justos</span> 
     </span>
     <span class='ocr_line' id='line_1_14' title="bbox 329 1699 2159 1792; baseline -0.002 -15"><span class='ocrx_word' id='word_1_194' title='bbox 329 1699 421 1792; x_wconf 63' lang='lat' dir='ltr'>biiii-⁸</span> <span class='ocrx_word' id='word_1_195' title='bbox 455 1736 479 1773; x_wconf 87' lang='lat' dir='ltr'>c.</span> <span class='ocrx_word' id='word_1_196' title='bbox 498 1724 540 1775; x_wconf 81' lang='lat'>29.</span> <span class='ocrx_word' id='word_1_197' title='bbox 559 1724 587 1773; x_wconf 90' lang='lat' dir='ltr'>et</span> <span class='ocrx_word' id='word_1_198' title='bbox 605 1723 629 1772; x_wconf 87' lang='grc'>6.</span> <span class='ocrx_word' id='word_1_199' title='bbox 650 1718 683 1772; x_wconf 91' lang='lat' dir='ltr'>de</span> <span class='ocrx_word' id='word_1_200' title='bbox 702 1724 773 1788; x_wconf 80' lang='lat' dir='ltr'>grat.</span> <span class='ocrx_word' id='word_1_201' title='bbox 794 1723 822 1772; x_wconf 91' lang='lat' dir='ltr'>et</span> <span class='ocrx_word' id='word_1_202' title='bbox 841 1717 889 1771; x_wconf 89' lang='lat' dir='ltr'>lib.</span> <span class='ocrx_word' id='word_1_203' title='bbox 907 1717 964 1772; x_wconf 86' lang='lat' dir='ltr'>urb.</span> <span class='ocrx_word' id='word_1_204' title='bbox 984 1735 1007 1772; x_wconf 90' lang='lat' dir='ltr'>c.</span> <span class='ocrx_word' id='word_1_205' title='bbox 1025 1724 1067 1774; x_wconf 85' lang='lat'>13:</span> <span class='ocrx_word' id='word_1_206' title='bbox 1089 1719 1187 1771; x_wconf 88' lang='lat' dir='ltr'>Primo</span> <span class='ocrx_word' id='word_1_207' title='bbox 1201 1719 1295 1771; x_wconf 87' lang='lat' dir='ltr'>Deam</span> <span class='ocrx_word' id='word_1_208' title='bbox 1306 1704 1308 1779; x_wconf 62' lang='lat' dir='ltr'>i</span> <span class='ocrx_word' id='word_1_209' title='bbox 1321 1738 1372 1772; x_wconf 89' lang='lat' dir='ltr'>nos</span> <span class='ocrx_word' id='word_1_210' title='bbox 1388 1720 1632 1774; x_wconf 85' lang='lat' dir='ltr'>tiberaeoluntate</span> <span class='ocrx_word' id='word_1_211' title='bbox 1648 1721 1789 1784; x_wconf 73' lang='lat' dir='ltr'>fecimus!</span> <span class='ocrx_word' id='word_1_212' title='bbox 1806 1721 1920 1789; x_wconf 75' lang='lat' dir='ltr'>quando</span> <span class='ocrx_word' id='word_1_213' title='bbox 1932 1720 2041 1773; x_wconf 86' lang='lat' dir='ltr'>conditi</span> <span class='ocrx_word' id='word_1_214' title='bbox 2052 1738 2159 1789; x_wconf 70' lang='lat' dir='ltr'>mmsis,</span> 
     </span>
     <span class='ocr_line' id='line_1_15' title="bbox 331 1801 2159 1875; baseline -0.001 -17"><span class='ocrx_word' id='word_1_215' title='bbox 331 1801 396 1842; x_wconf 58' lang='grc' dir='ltr'>ΝΜ·</span> <span class='ocrx_word' id='word_1_216' title='bbox 455 1823 512 1859; x_wconf 91' lang='lat' dir='ltr'>non</span> <span class='ocrx_word' id='word_1_217' title='bbox 529 1804 668 1858; x_wconf 86' lang='lat' dir='ltr'>inclinare</span> <span class='ocrx_word' id='word_1_218' title='bbox 685 1807 774 1858; x_wconf 89' lang='lat' dir='ltr'>corda</span> <span class='ocrx_word' id='word_1_219' title='bbox 790 1813 888 1857; x_wconf 83' lang='lat' dir='ltr'>nostra</span> <span class='ocrx_word' id='word_1_220' title='bbox 907 1808 1090 1872; x_wconf 78' lang='lat' dir='ltr'>copendoaat</span> <span class='ocrx_word' id='word_1_221' title='bbox 1102 1806 1294 1859; x_wconf 87' lang='lat' dir='ltr'>necessitatem</span> <span class='ocrx_word' id='word_1_222' title='bbox 1322 1806 1439 1859; x_wconf 81' lang='lat' dir='ltr'>liberum</span> <span class='ocrx_word' id='word_1_223' title='bbox 1459 1806 1606 1860; x_wconf 78' lang='lat' dir='ltr'>arbitrium</span> <span class='ocrx_word' id='word_1_224' title='bbox 1624 1807 1794 1875; x_wconf 82' lang='lat' dir='ltr'>accepimns,</span> <span class='ocrx_word' id='word_1_225' title='bbox 1820 1814 1851 1858; x_wconf 89' lang='lat' dir='ltr'>ut</span> <span class='ocrx_word' id='word_1_226' title='bbox 1874 1821 1942 1874; x_wconf 78' lang='lat' dir='ltr'>erpo</span> <span class='ocrx_word' id='word_1_227' title='bbox 1959 1806 2036 1875; x_wconf 83' lang='lat' dir='ltr'>justi</span> <span class='ocrx_word' id='word_1_228' title='bbox 2061 1806 2159 1875; x_wconf 70' lang='lat' dir='ltr'>simia,</span> 
     </span>
     <span class='ocr_line' id='line_1_16' title="bbox 456 1890 2161 1962; baseline 0.001 -17"><span class='ocrx_word' id='word_1_229' title='bbox 456 1893 622 1959; x_wconf 76' lang='lat' dir='ltr'>inferendo,</span> <span class='ocrx_word' id='word_1_230' title='bbox 641 1892 692 1943; x_wconf 86' lang='lat' dir='ltr'>sed</span> <span class='ocrx_word' id='word_1_231' title='bbox 709 1890 822 1943; x_wconf 88' lang='lat' dir='ltr'>interna</span> <span class='ocrx_word' id='word_1_232' title='bbox 841 1890 1027 1960; x_wconf 86' lang='lat' dir='ltr'>inspiratione</span> <span class='ocrx_word' id='word_1_233' title='bbox 1044 1893 1191 1944; x_wconf 75' lang='lat' dir='ltr'>mandenda</span> <span class='ocrx_word' id='word_1_234' title='bbox 1210 1899 1236 1943; x_wconf 90' lang='lat' dir='ltr'>et</span> <span class='ocrx_word' id='word_1_235' title='bbox 1253 1891 1294 1944; x_wconf 88' lang='lat' dir='ltr'>in·</span> <span class='ocrx_word' id='word_1_236' title='bbox 1307 1900 1309 1933; x_wconf 63' lang='grc' dir='ltr'>ἓ</span> <span class='ocrx_word' id='word_1_237' title='bbox 1321 1891 1408 1944; x_wconf 79' lang='lat' dir='ltr'>libero</span> <span class='ocrx_word' id='word_1_238' title='bbox 1426 1891 1544 1944; x_wconf 82' lang='lat' dir='ltr'>arbitrio</span> <span class='ocrx_word' id='word_1_239' title='bbox 1557 1893 1590 1944; x_wconf 89' lang='lat' dir='ltr'>id</span> <span class='ocrx_word' id='word_1_240' title='bbox 1601 1893 1717 1959; x_wconf 74' lang='lat' dir='ltr'>opimus.</span> <span class='ocrx_word' id='word_1_241' title='bbox 1741 1890 1820 1946; x_wconf 90' lang='lat' dir='ltr'>Haec</span> <span class='ocrx_word' id='word_1_242' title='bbox 1837 1890 2020 1962; x_wconf 79' lang='lat' dir='ltr'>Augustinus.</span> <span class='ocrx_word' id='word_1_243' title='bbox 2041 1891 2161 1946; x_wconf 85' lang='lat' dir='ltr'>Dictum</span> 
     </span>
     <span class='ocr_line' id='line_1_17' title="bbox 455 1946 2160 2065; baseline -0.001 -33"><span class='ocrx_word' id='word_1_244' title='bbox 455 1979 591 2045; x_wconf 88' lang='lat' dir='ltr'>uitando,·</span> <span class='ocrx_word' id='word_1_245' title='bbox 615 1979 708 2030; x_wconf 89' lang='lat' dir='ltr'>Deum</span> <span class='ocrx_word' id='word_1_246' title='bbox 730 1977 843 2045; x_wconf 80' lang='lat' dir='ltr'>quidem</span> <span class='ocrx_word' id='word_1_247' title='bbox 870 1979 968 2036; x_wconf 79' lang='lat' dir='ltr'>facere</span> <span class='ocrx_word' id='word_1_248' title='bbox 991 1995 1046 2046; x_wconf 91' lang='lat' dir='ltr'>per</span> <span class='ocrx_word' id='word_1_249' title='bbox 1069 1978 1206 2031; x_wconf 80' lang='lat' dir='ltr'>ancilium</span> <span class='ocrx_word' id='word_1_250' title='bbox 1229 1946 1512 2065; x_wconf 61' lang='lat' dir='ltr'>pra-ipropheticum</span> <span class='ocrx_word' id='word_1_251' title='bbox 1532 1977 1600 2031; x_wconf 91' lang='lat' dir='ltr'>nihil</span> <span class='ocrx_word' id='word_1_252' title='bbox 1622 1977 1713 2030; x_wconf 90' lang='lat' dir='ltr'>minus</span> <span class='ocrx_word' id='word_1_253' title='bbox 1733 1977 1808 2048; x_wconf 84' lang='lat' dir='ltr'>agit,</span> <span class='ocrx_word' id='word_1_254' title='bbox 1833 1994 1918 2049; x_wconf 90' lang='lat' dir='ltr'>quam</span> <span class='ocrx_word' id='word_1_255' title='bbox 1935 1983 1966 2030; x_wconf 92' lang='lat' dir='ltr'>ut</span> <span class='ocrx_word' id='word_1_256' title='bbox 1984 1977 2089 2031; x_wconf 91' lang='lat' dir='ltr'>homini</span> <span class='ocrx_word' id='word_1_257' title='bbox 2111 1978 2160 2032; x_wconf 88' lang='lat' dir='ltr'>tri-</span> 
     </span>
     <span class='ocr_line' id='line_1_18' title="bbox 459 2061 2159 2133; baseline 0 -15"><span class='ocrx_word' id='word_1_258' title='bbox 459 2066 515 2118; x_wconf 88' lang='lat' dir='ltr'>tiae</span> <span class='ocrx_word' id='word_1_259' title='bbox 533 2080 608 2130; x_wconf 81' lang='grc' dir='ltr'><em>εεαε,</em></span> <span class='ocrx_word' id='word_1_260' title='bbox 627 2071 658 2116; x_wconf 90' lang='lat' dir='ltr'>ut</span> <span class='ocrx_word' id='word_1_261' title='bbox 675 2064 789 2116; x_wconf 88' lang='lat' dir='ltr'>uocanti</span> <span class='ocrx_word' id='word_1_262' title='bbox 807 2064 1018 2128; x_wconf 83' lang='lat' dir='ltr'>consentiamus,</span> <span class='ocrx_word' id='word_1_263' title='bbox 1034 2064 1086 2116; x_wconf 86' lang='lat' dir='ltr'>sed</span> <span class='ocrx_word' id='word_1_264' title='bbox 1103 2065 1153 2117; x_wconf 78' lang='lat' dir='ltr'>noc</span> <span class='ocrx_word' id='word_1_265' title='bbox 1170 2081 1231 2116; x_wconf 89' lang='lat' dir='ltr'>cum</span> <span class='ocrx_word' id='word_1_266' title='bbox 1247 2066 1295 2129; x_wconf 81' lang='lat' dir='ltr'>fa·</span> <span class='ocrx_word' id='word_1_267' title='bbox 1308 2070 1311 2099; x_wconf 47' lang='grc' dir='ltr'><strong>ἓ</strong></span> <span class='ocrx_word' id='word_1_268' title='bbox 1322 2064 1391 2118; x_wconf 91' lang='lat' dir='ltr'>buat</span> <span class='ocrx_word' id='word_1_269' title='bbox 1408 2064 1464 2116; x_wconf 91' lang='lat' dir='ltr'>vim</span> <span class='ocrx_word' id='word_1_270' title='bbox 1483 2079 1513 2117; x_wconf 93' lang='lat' dir='ltr'>se</span> <span class='ocrx_word' id='word_1_271' title='bbox 1530 2063 1621 2133; x_wconf 89' lang='lat' dir='ltr'>ipsum</span> <span class='ocrx_word' id='word_1_272' title='bbox 1640 2061 1800 2117; x_wconf 80' lang='lat' dir='ltr'>vivificandi</span> <span class='ocrx_word' id='word_1_273' title='bbox 1818 2062 1863 2116; x_wconf 89' lang='lat' dir='ltr'>vel</span> <span class='ocrx_word' id='word_1_274' title='bbox 1889 2063 1926 2117; x_wconf 84' lang='lat' dir='ltr'>sd</span> <span class='ocrx_word' id='word_1_275' title='bbox 1943 2062 2159 2118; x_wconf 80' lang='lat' dir='ltr'>vivificationem</span> 
     </span>
     <span class='ocr_line' id='line_1_19' title="bbox 457 2112 2162 2220; baseline -0.001 -15"><span class='ocrx_word' id='word_1_276' title='bbox 457 2167 519 2205; x_wconf 89' lang='lat' dir='ltr'>cere</span> <span class='ocrx_word' id='word_1_277' title='bbox 547 2150 714 2218; x_wconf 53' lang='lat' dir='ltr'>musondo</span> <span class='ocrx_word' id='word_1_278' title='bbox 745 2149 942 2218; x_wconf 82' lang='lat' dir='ltr'>infirmitatem,</span> <span class='ocrx_word' id='word_1_279' title='bbox 974 2168 1030 2202; x_wconf 91' lang='lat' dir='ltr'>non</span> <span class='ocrx_word' id='word_1_280' title='bbox 1060 2149 1184 2203; x_wconf 82' lang='lat' dir='ltr'>tollendo</span> <span class='ocrx_word' id='word_1_281' title='bbox 1215 2112 1498 2219; x_wconf 61' lang='lat' dir='ltr'>liter-icooperandi.</span> <span class='ocrx_word' id='word_1_282' title='bbox 1532 2147 1639 2220; x_wconf 79' lang='lat' dir='ltr'>Impius</span> <span class='ocrx_word' id='word_1_283' title='bbox 1663 2164 1726 2201; x_wconf 91' lang='lat' dir='ltr'>cum</span> <span class='ocrx_word' id='word_1_284' title='bbox 1752 2149 1884 2203; x_wconf 85' lang='lat' dir='ltr'>averterit</span> <span class='ocrx_word' id='word_1_285' title='bbox 1905 2165 1936 2204; x_wconf 85' lang='lat' dir='ltr'>se</span> <span class='ocrx_word' id='word_1_286' title='bbox 1956 2148 1993 2203; x_wconf 87' lang='lat' dir='ltr'>ab</span> <span class='ocrx_word' id='word_1_287' title='bbox 2017 2148 2162 2220; x_wconf 77' lang='lat' dir='ltr'>impietate</span> 
     </span>
     <span class='ocr_line' id='line_1_20' title="bbox 456 2198 2161 2306; baseline -0.001 -16"><span class='ocrx_word' id='word_1_288' title='bbox 456 2244 549 2290; x_wconf 87' lang='lat' dir='ltr'>tatem.</span> <span class='ocrx_word' id='word_1_289' title='bbox 590 2233 815 2304; x_wconf 87' lang='lat' dir='ltr'>Respondemus:</span> <span class='ocrx_word' id='word_1_290' title='bbox 841 2234 979 2289; x_wconf 84' lang='lat' dir='ltr'>Voluntas</span> <span class='ocrx_word' id='word_1_291' title='bbox 999 2234 1120 2289; x_wconf 83' lang='lat' dir='ltr'>humana</span> <span class='ocrx_word' id='word_1_292' title='bbox 1138 2234 1175 2288; x_wconf 91' lang='lat' dir='ltr'>ad</span> <span class='ocrx_word' id='word_1_293' title='bbox 1193 2235 1296 2289; x_wconf 92' lang='lat' dir='ltr'>bouum</span> <span class='ocrx_word' id='word_1_294' title='bbox 1309 2198 1311 2275; x_wconf 82' lang='lat' dir='ltr'>i</span> <span class='ocrx_word' id='word_1_295' title='bbox 1324 2251 1375 2288; x_wconf 90' lang='lat' dir='ltr'>sua</span> <span class='ocrx_word' id='word_1_296' title='bbox 1392 2242 1420 2289; x_wconf 90' lang='lat' dir='ltr'>et</span> <span class='ocrx_word' id='word_1_297' title='bbox 1438 2235 1536 2289; x_wconf 82' lang='lat' dir='ltr'>iecerit</span> <span class='ocrx_word' id='word_1_298' title='bbox 1550 2235 1702 2306; x_wconf 81' lang='lat' dir='ltr'>justitiam,</span> <span class='ocrx_word' id='word_1_299' title='bbox 1725 2233 1786 2304; x_wconf 89' lang='lat' dir='ltr'>ipse</span> <span class='ocrx_word' id='word_1_300' title='bbox 1803 2233 1922 2289; x_wconf 79' lang='lat' dir='ltr'>animm</span> <span class='ocrx_word' id='word_1_301' title='bbox 1940 2251 2020 2289; x_wconf 84' lang='lat' dir='ltr'>enam</span> <span class='ocrx_word' id='word_1_302' title='bbox 2037 2233 2161 2288; x_wconf 86' lang='lat' dir='ltr'>vivifica-</span> 
     </span>
     <span class='ocr_line' id='line_1_21' title="bbox 457 2319 2162 2392; baseline -0.001 -15"><span class='ocrx_word' id='word_1_303' title='bbox 457 2339 513 2377; x_wconf 91' lang='lat' dir='ltr'>uon</span> <span class='ocrx_word' id='word_1_304' title='bbox 533 2321 621 2376; x_wconf 83' lang='lat' dir='ltr'>solum</span> <span class='ocrx_word' id='word_1_305' title='bbox 632 2319 748 2385; x_wconf 82' lang='lat' dir='ltr'>infirma,</span> <span class='ocrx_word' id='word_1_306' title='bbox 765 2320 814 2374; x_wconf 88' lang='lat' dir='ltr'>sed</span> <span class='ocrx_word' id='word_1_307' title='bbox 827 2320 909 2389; x_wconf 90' lang='lat' dir='ltr'>plane</span> <span class='ocrx_word' id='word_1_308' title='bbox 924 2327 1094 2388; x_wconf 87' lang='lat' dir='ltr'>mortuaest,</span> <span class='ocrx_word' id='word_1_309' title='bbox 1112 2321 1174 2375; x_wconf 90' lang='lat' dir='ltr'>ideo</span> <span class='ocrx_word' id='word_1_310' title='bbox 1187 2339 1242 2376; x_wconf 91' lang='lat' dir='ltr'>non</span> <span class='ocrx_word' id='word_1_311' title='bbox 1254 2339 1296 2374; x_wconf 90' lang='lat' dir='ltr'>so·</span> <span class='ocrx_word' id='word_1_312' title='bbox 1309 2322 1311 2353; x_wconf 75' lang='lat'>⁵</span> <span class='ocrx_word' id='word_1_313' title='bbox 1324 2320 1373 2389; x_wconf 91' lang='lat' dir='ltr'>bit,</span> <span class='ocrx_word' id='word_1_314' title='bbox 1389 2321 1416 2374; x_wconf 94' lang='lat' dir='ltr'>h.</span> <span class='ocrx_word' id='word_1_315' title='bbox 1436 2338 1458 2376; x_wconf 88' lang='lat' dir='ltr'>e.</span> <span class='ocrx_word' id='word_1_316' title='bbox 1478 2338 1534 2374; x_wconf 90' lang='lat' dir='ltr'>non</span> <span class='ocrx_word' id='word_1_317' title='bbox 1550 2321 1696 2388; x_wconf 89' lang='lat' dir='ltr'>morietur,</span> <span class='ocrx_word' id='word_1_318' title='bbox 1725 2338 1780 2375; x_wconf 92' lang='lat' dir='ltr'>non</span> <span class='ocrx_word' id='word_1_319' title='bbox 1799 2319 1914 2392; x_wconf 85' lang='lat' dir='ltr'>peribit,</span> <span class='ocrx_word' id='word_1_320' title='bbox 1939 2320 1989 2374; x_wconf 85' lang='lat' dir='ltr'>sed</span> <span class='ocrx_word' id='word_1_321' title='bbox 2010 2320 2039 2374; x_wconf 92' lang='lat' dir='ltr'>in</span> <span class='ocrx_word' id='word_1_322' title='bbox 2057 2320 2116 2374; x_wconf 81' lang='lat' dir='ltr'>rita</span> <span class='ocrx_word' id='word_1_323' title='bbox 2132 2327 2162 2375; x_wconf 91' lang='lat' dir='ltr'>et</span> 
     </span>
     <span class='ocr_line' id='line_1_22' title="bbox 458 2358 2162 2477; baseline 0 -16"><span class='ocrx_word' id='word_1_324' title='bbox 458 2408 515 2463; x_wconf 90' lang='lat' dir='ltr'>lum</span> <span class='ocrx_word' id='word_1_325' title='bbox 535 2406 700 2462; x_wconf 87' lang='lat' dir='ltr'>infirmitatis</span> <span class='ocrx_word' id='word_1_326' title='bbox 719 2407 867 2477; x_wconf 85' lang='lat' dir='ltr'>adjutorio,</span> <span class='ocrx_word' id='word_1_327' title='bbox 888 2408 937 2462; x_wconf 88' lang='lat' dir='ltr'>sed</span> <span class='ocrx_word' id='word_1_328' title='bbox 957 2424 1090 2462; x_wconf 83' lang='lat' dir='ltr'>nouarum</span> <span class='ocrx_word' id='word_1_329' title='bbox 1108 2408 1207 2462; x_wconf 91' lang='lat' dir='ltr'>virium</span> <span class='ocrx_word' id='word_1_330' title='bbox 1226 2358 1358 2477; x_wconf 75' lang='lat' dir='ltr'>douoiad</span> <span class='ocrx_word' id='word_1_331' title='bbox 1378 2408 1463 2462; x_wconf 87' lang='lat' dir='ltr'>vitam</span> <span class='ocrx_word' id='word_1_332' title='bbox 1483 2407 1700 2475; x_wconf 77' lang='lat' dir='ltr'>conservabitur,</span> <span class='ocrx_word' id='word_1_333' title='bbox 1721 2412 1753 2461; x_wconf 93' lang='lat' dir='ltr'>ut</span> <span class='ocrx_word' id='word_1_334' title='bbox 1772 2406 1894 2461; x_wconf 73' lang='lat' dir='ltr'>ostendit</span> <span class='ocrx_word' id='word_1_335' title='bbox 1910 2406 2057 2477; x_wconf 87' lang='lat' dir='ltr'>oppositio,</span> <span class='ocrx_word' id='word_1_336' title='bbox 2076 2407 2162 2461; x_wconf 84' lang='lat' dir='ltr'>verba</span> 
     </span>
     <span class='ocr_line' id='line_1_23' title="bbox 457 2482 2161 2565; baseline -0.001 -18"><span class='ocrx_word' id='word_1_337' title='bbox 457 2494 582 2565; x_wconf 75' lang='lat' dir='ltr'>indiget3</span> <span class='ocrx_word' id='word_1_338' title='bbox 594 2493 710 2549; x_wconf 89' lang='lat' dir='ltr'>inclinat</span> <span class='ocrx_word' id='word_1_339' title='bbox 718 2493 795 2549; x_wconf 89' lang='lat' dir='ltr'>Deus</span> <span class='ocrx_word' id='word_1_340' title='bbox 808 2499 836 2548; x_wconf 90' lang='lat' dir='ltr'>et</span> <span class='ocrx_word' id='word_1_341' title='bbox 848 2493 947 2548; x_wconf 82' lang='lat' dir='ltr'>invitat</span> <span class='ocrx_word' id='word_1_342' title='bbox 959 2493 1128 2549; x_wconf 79' lang='lat' dir='ltr'>voluntatem</span> <span class='ocrx_word' id='word_1_343' title='bbox 1140 2511 1195 2548; x_wconf 90' lang='lat' dir='ltr'>nou</span> <span class='ocrx_word' id='word_1_344' title='bbox 1207 2482 1407 2549; x_wconf 62' lang='lat' dir='ltr'>solumienim‘</span> <span class='ocrx_word' id='word_1_345' title='bbox 1421 2492 1513 2547; x_wconf 89' lang='lat' dir='ltr'>activa</span> <span class='ocrx_word' id='word_1_346' title='bbox 1541 2493 1617 2563; x_wconf 91' lang='lat' dir='ltr'>apud</span> <span class='ocrx_word' id='word_1_347' title='bbox 1636 2493 1780 2547; x_wconf 85' lang='lat' dir='ltr'>Hebraeos</span> <span class='ocrx_word' id='word_1_348' title='bbox 1808 2493 1918 2562; x_wconf 88' lang='lat' dir='ltr'>saepius</span> <span class='ocrx_word' id='word_1_349' title='bbox 1944 2500 2086 2563; x_wconf 89' lang='lat' dir='ltr'>ponuntur</span> <span class='ocrx_word' id='word_1_350' title='bbox 2109 2510 2161 2562; x_wconf 88' lang='lat' dir='ltr'>pro</span> 
     </span>
     <span class='ocr_line' id='line_1_24' title="bbox 460 2548 2161 2652; baseline -0.002 -16"><span class='ocrx_word' id='word_1_351' title='bbox 460 2580 642 2636; x_wconf 85' lang='lat' dir='ltr'>excitandoet</span> <span class='ocrx_word' id='word_1_352' title='bbox 649 2580 800 2648; x_wconf 87' lang='lat' dir='ltr'>suadendo,</span> <span class='ocrx_word' id='word_1_353' title='bbox 809 2581 858 2634; x_wconf 90' lang='lat' dir='ltr'>sed</span> <span class='ocrx_word' id='word_1_354' title='bbox 867 2581 948 2635; x_wconf 88' lang='lat' dir='ltr'>etiam</span> <span class='ocrx_word' id='word_1_355' title='bbox 956 2580 1105 2636; x_wconf 78' lang='lat' dir='ltr'>efficaciter</span> <span class='ocrx_word' id='word_1_356' title='bbox 1113 2582 1227 2636; x_wconf 90' lang='lat' dir='ltr'>interius</span> <span class='ocrx_word' id='word_1_357' title='bbox 1234 2599 1298 2652; x_wconf 90' lang='lat' dir='ltr'>ope·</span> <span class='ocrx_word' id='word_1_358' title='bbox 1309 2548 1312 2619; x_wconf 77' lang='lat' dir='ltr'>i</span> <span class='ocrx_word' id='word_1_359' title='bbox 1324 2580 1468 2635; x_wconf 78' lang='lat' dir='ltr'>contrariis</span> <span class='ocrx_word' id='word_1_360' title='bbox 1486 2578 1610 2650; x_wconf 80' lang='lat' dir='ltr'>negatis3</span> <span class='ocrx_word' id='word_1_361' title='bbox 1635 2579 1674 2633; x_wconf 88' lang='lat' dir='ltr'>sic</span> <span class='ocrx_word' id='word_1_362' title='bbox 1702 2579 1802 2633; x_wconf 90' lang='lat' dir='ltr'>dieitur</span> <span class='ocrx_word' id='word_1_363' title='bbox 1821 2595 1920 2633; x_wconf 90' lang='lat' dir='ltr'>nocere</span> <span class='ocrx_word' id='word_1_364' title='bbox 1940 2579 1988 2650; x_wconf 91' lang='lat' dir='ltr'>qui</span> <span class='ocrx_word' id='word_1_365' title='bbox 2005 2595 2061 2633; x_wconf 90' lang='lat' dir='ltr'>non</span> <span class='ocrx_word' id='word_1_366' title='bbox 2078 2579 2161 2649; x_wconf 89' lang='lat' dir='ltr'>prod·</span> 
     </span>
     <span class='ocr_line' id='line_1_25' title="bbox 459 2626 2160 2747; baseline -0.002 -26"><span class='ocrx_word' id='word_1_367' title='bbox 459 2668 561 2722; x_wconf 86' lang='lat' dir='ltr'>raudo:</span> <span class='ocrx_word' id='word_1_368' title='bbox 574 2666 681 2721; x_wconf 88' lang='lat' dir='ltr'>interim</span> <span class='ocrx_word' id='word_1_369' title='bbox 693 2666 808 2722; x_wconf 89' lang='lat' dir='ltr'>libertas</span> <span class='ocrx_word' id='word_1_370' title='bbox 818 2667 935 2738; x_wconf 82' lang='lat' dir='ltr'>grntiam</span> <span class='ocrx_word' id='word_1_371' title='bbox 945 2666 1111 2736; x_wconf 85' lang='lat' dir='ltr'>repudiandi</span> <span class='ocrx_word' id='word_1_372' title='bbox 1120 2686 1174 2722; x_wconf 92' lang='lat' dir='ltr'>non</span> <span class='ocrx_word' id='word_1_373' title='bbox 1184 2626 1381 2745; x_wconf 68' lang='lat' dir='ltr'>tollitur,iest,</span> <span class='ocrx_word' id='word_1_374' title='bbox 1400 2665 1491 2747; x_wconf 77' lang='lat' dir='ltr'>odisse</span> <span class='ocrx_word' id='word_1_375' title='bbox 1509 2666 1556 2736; x_wconf 91' lang='lat' dir='ltr'>qui</span> <span class='ocrx_word' id='word_1_376' title='bbox 1575 2683 1630 2720; x_wconf 91' lang='lat' dir='ltr'>non</span> <span class='ocrx_word' id='word_1_377' title='bbox 1649 2672 1735 2725; x_wconf 87' lang='lat' dir='ltr'>amat,</span> <span class='ocrx_word' id='word_1_378' title='bbox 1753 2665 1884 2719; x_wconf 89' lang='lat' dir='ltr'>indurare</span> <span class='ocrx_word' id='word_1_379' title='bbox 1902 2665 1950 2735; x_wconf 91' lang='lat' dir='ltr'>qui</span> <span class='ocrx_word' id='word_1_380' title='bbox 1970 2681 2027 2718; x_wconf 91' lang='lat' dir='ltr'>non</span> <span class='ocrx_word' id='word_1_381' title='bbox 2045 2665 2160 2718; x_wconf 87' lang='lat' dir='ltr'>emollit.</span> 
     </span>
     <span class='ocr_line' id='line_1_26' title="bbox 461 2749 2162 2824; baseline -0.001 -18"><span class='ocrx_word' id='word_1_382' title='bbox 461 2753 572 2823; x_wconf 88' lang='lat' dir='ltr'>saepius</span> <span class='ocrx_word' id='word_1_383' title='bbox 584 2752 656 2807; x_wconf 91' lang='lat' dir='ltr'>enim</span> <span class='ocrx_word' id='word_1_384' title='bbox 674 2752 744 2823; x_wconf 89' lang='lat' dir='ltr'>proh</span> <span class='ocrx_word' id='word_1_385' title='bbox 763 2754 843 2817; x_wconf 80' lang='lat' dir='ltr'>dolor</span> <span class='ocrx_word' id='word_1_386' title='bbox 860 2770 929 2824; x_wconf 90' lang='lat' dir='ltr'>opus</span> <span class='ocrx_word' id='word_1_387' title='bbox 947 2752 1000 2807; x_wconf 89' lang='lat' dir='ltr'>Dei</span> <span class='ocrx_word' id='word_1_388' title='bbox 1019 2753 1046 2807; x_wconf 91' lang='lat' dir='ltr'>in</span> <span class='ocrx_word' id='word_1_389' title='bbox 1064 2754 1243 2808; x_wconf 88' lang='lat' dir='ltr'>conversione</span> <span class='ocrx_word' id='word_1_390' title='bbox 1261 2753 1296 2807; x_wconf 87' lang='lat' dir='ltr'>ab</span> <span class='ocrx_word' id='word_1_391' title='bbox 1310 2750 1385 2809; x_wconf 74' lang='lat' dir='ltr'>[Vox</span> <span class='ocrx_word' id='word_1_392' title='bbox 1409 2750 1568 2805; x_wconf 81' lang='lat' dir='ltr'>vivificandi</span> <span class='ocrx_word' id='word_1_393' title='bbox 1593 2752 1621 2804; x_wconf 88' lang='lat' dir='ltr'>in</span> <span class='ocrx_word' id='word_1_394' title='bbox 1643 2751 1793 2822; x_wconf 75' lang='lat' dir='ltr'>scripturis</span> <span class='ocrx_word' id='word_1_395' title='bbox 1817 2750 1899 2805; x_wconf 88' lang='lat' dir='ltr'>etiam</span> <span class='ocrx_word' id='word_1_396' title='bbox 1925 2749 1991 2804; x_wconf 85' lang='lat' dir='ltr'>alibi</span> <span class='ocrx_word' id='word_1_397' title='bbox 2018 2766 2051 2805; x_wconf 88' lang='lat' dir='ltr'>eo</span> <span class='ocrx_word' id='word_1_398' title='bbox 2078 2751 2162 2805; x_wconf 90' lang='lat' dir='ltr'>modo</span> 
     </span>
     <span class='ocr_line' id='line_1_27' title="bbox 460 2814 2162 2915; baseline -0.002 -23"><span class='ocrx_word' id='word_1_399' title='bbox 460 2837 618 2893; x_wconf 90' lang='lat' dir='ltr'>hominibus</span> <span class='ocrx_word' id='word_1_400' title='bbox 638 2839 840 2908; x_wconf 88' lang='lat' dir='ltr'>intervertitur,</span> <span class='ocrx_word' id='word_1_401' title='bbox 865 2839 907 2892; x_wconf 84' lang='lat' dir='ltr'>vis</span> <span class='ocrx_word' id='word_1_402' title='bbox 927 2838 1092 2910; x_wconf 91' lang='lat' dir='ltr'>acceptandi</span> <span class='ocrx_word' id='word_1_403' title='bbox 1112 2840 1230 2910; x_wconf 81' lang='lat' dir='ltr'>gratiam</span> <span class='ocrx_word' id='word_1_404' title='bbox 1258 2814 1467 2915; x_wconf 71' lang='lat' dir='ltr'>diiaccipitur.</span> <span class='ocrx_word' id='word_1_405' title='bbox 1491 2837 1577 2891; x_wconf 86' lang='lat' dir='ltr'>Exod.</span> <span class='ocrx_word' id='word_1_406' title='bbox 1604 2844 1631 2904; x_wconf 93' lang='lat' dir='ltr'>l,</span> <span class='ocrx_word' id='word_1_407' title='bbox 1656 2854 1681 2891; x_wconf 88' lang='lat' dir='ltr'>v.</span> <span class='ocrx_word' id='word_1_408' title='bbox 1710 2844 1755 2892; x_wconf 71' lang='lat' dir='ltr'>tt:</span> <span class='ocrx_word' id='word_1_409' title='bbox 1782 2836 1940 2890; x_wconf 77' lang='lat' dir='ltr'>obstetrices</span> <span class='ocrx_word' id='word_1_410' title='bbox 1966 2836 2162 2904; x_wconf 77' lang='lat' dir='ltr'>Aepyptiacae</span> 
     </span>
     <span class='ocr_line' id='line_1_28' title="bbox 360 2921 2161 2996; baseline 0.002 -24"><span class='ocrx_word' id='word_1_411' title='bbox 360 2933 388 2972; x_wconf 87' lang='lat' dir='ltr'>v.</span> <span class='ocrx_word' id='word_1_412' title='bbox 404 2931 447 2974; x_wconf 81' lang='lat' dir='ltr'>rm</span> <span class='ocrx_word' id='word_1_413' title='bbox 461 2923 564 2978; x_wconf 83' lang='lat' dir='ltr'>riuitus</span> <span class='ocrx_word' id='word_1_414' title='bbox 593 2925 731 2979; x_wconf 84' lang='lat' dir='ltr'>voluntati</span> <span class='ocrx_word' id='word_1_415' title='bbox 762 2925 845 2979; x_wconf 83' lang='lat' dir='ltr'>datur</span> <span class='ocrx_word' id='word_1_416' title='bbox 873 2931 957 2996; x_wconf 89' lang='lat' dir='ltr'>atque</span> <span class='ocrx_word' id='word_1_417' title='bbox 987 2925 1136 2980; x_wconf 84' lang='lat' dir='ltr'>confertur.</span> <span class='ocrx_word' id='word_1_418' title='bbox 1185 2930 1210 2981; x_wconf 85' lang='lat'>2.</span> <span class='ocrx_word' id='word_1_419' title='bbox 1243 2924 1500 2989; x_wconf 75' lang='lat' dir='ltr'>Corjuirificobant</span> <span class='ocrx_word' id='word_1_420' title='bbox 1519 2925 1644 2984; x_wconf 79' lang='lat' dir='ltr'>infantes</span> <span class='ocrx_word' id='word_1_421' title='bbox 1663 2923 1852 2986; x_wconf 83' lang='lat' dir='ltr'>Israe&#39;iiticos,</span> <span class='ocrx_word' id='word_1_422' title='bbox 1879 2921 1897 2977; x_wconf 94' lang='lat' dir='ltr'>i.</span> <span class='ocrx_word' id='word_1_423' title='bbox 1923 2938 1946 2975; x_wconf 90' lang='lat' dir='ltr'>e.</span> <span class='ocrx_word' id='word_1_424' title='bbox 1965 2921 1995 2977; x_wconf 89' lang='lat' dir='ltr'>in</span> <span class='ocrx_word' id='word_1_425' title='bbox 2018 2922 2078 2975; x_wconf 82' lang='lat' dir='ltr'>vita</span> <span class='ocrx_word' id='word_1_426' title='bbox 2095 2939 2161 2976; x_wconf 91' lang='lat' dir='ltr'>eon-</span> 
     </span>
     <span class='ocr_line' id='line_1_29' title="bbox 452 2992 2161 3081; baseline -0.001 -18"><span class='ocrx_word' id='word_1_427' title='bbox 452 3013 595 3077; x_wconf 22' lang='lat' dir='ltr'>,nundum</span> <span class='ocrx_word' id='word_1_428' title='bbox 614 3013 711 3065; x_wconf 87' lang='lat' dir='ltr'>creari</span> <span class='ocrx_word' id='word_1_429' title='bbox 725 3012 798 3064; x_wconf 75' lang='lat' dir='ltr'>nihil</span> <span class='ocrx_word' id='word_1_430' title='bbox 822 3011 906 3065; x_wconf 86' lang='lat' dir='ltr'>aliud</span> <span class='ocrx_word' id='word_1_431' title='bbox 932 3028 1003 3078; x_wconf 84' lang='lat' dir='ltr'>esse,</span> <span class='ocrx_word' id='word_1_432' title='bbox 1027 3029 1110 3081; x_wconf 75' lang='lat' dir='ltr'>quam</span> <span class='ocrx_word' id='word_1_433' title='bbox 1135 3030 1183 3065; x_wconf 89' lang='lat' dir='ltr'>cor</span> <span class='ocrx_word' id='word_1_434' title='bbox 1206 2992 1478 3081; x_wconf 56' lang='lat' dir='ltr'>ipsnm&#39;scrvabaut.</span> <span class='ocrx_word' id='word_1_435' title='bbox 1505 3009 1574 3067; x_wconf 87' lang='lat' dir='ltr'>Luc.</span> <span class='ocrx_word' id='word_1_436' title='bbox 1596 3015 1634 3073; x_wconf 83' lang='grc' dir='ltr'>Π,</span> <span class='ocrx_word' id='word_1_437' title='bbox 1658 3026 1683 3065; x_wconf 85' lang='lat' dir='ltr'>v.</span> <span class='ocrx_word' id='word_1_438' title='bbox 1708 3013 1751 3062; x_wconf 83' lang='lat'>13:</span> <span class='ocrx_word' id='word_1_439' title='bbox 1779 3007 1835 3070; x_wconf 78' lang='lat' dir='ltr'>Qui</span> <span class='ocrx_word' id='word_1_440' title='bbox 1853 3007 2016 3077; x_wconf 77' lang='lat' dir='ltr'>perdiderit</span> <span class='ocrx_word' id='word_1_441' title='bbox 2032 3008 2161 3061; x_wconf 89' lang='lat' dir='ltr'>animam</span> 
     </span>
     <span class='ocr_line' id='line_1_30' title="bbox 463 3093 2161 3168; baseline -0.002 -18"><span class='ocrx_word' id='word_1_442' title='bbox 463 3099 610 3165; x_wconf 86' lang='lat' dir='ltr'>mundare,</span> <span class='ocrx_word' id='word_1_443' title='bbox 628 3099 795 3167; x_wconf 86' lang='lat' dir='ltr'>acproinde</span> <span class='ocrx_word' id='word_1_444' title='bbox 813 3115 869 3149; x_wconf 92' lang='lat' dir='ltr'>non</span> <span class='ocrx_word' id='word_1_445' title='bbox 888 3115 946 3151; x_wconf 85' lang='lat' dir='ltr'>esse</span> <span class='ocrx_word' id='word_1_446' title='bbox 965 3099 1127 3168; x_wconf 82' lang='lat' dir='ltr'>absurdum,</span> <span class='ocrx_word' id='word_1_447' title='bbox 1146 3101 1223 3167; x_wconf 76' lang='lat' dir='ltr'>prod</span> <span class='ocrx_word' id='word_1_448' title='bbox 1239 3101 1299 3152; x_wconf 82' lang='lat' dir='ltr'>sub-</span> <span class='ocrx_word' id='word_1_449' title='bbox 1322 3112 1415 3164; x_wconf 80' lang='lat' dir='ltr'>suain,</span> <span class='ocrx_word' id='word_1_450' title='bbox 1438 3096 1588 3158; x_wconf 73' lang='lat' dir='ltr'>vivificabit</span> <span class='ocrx_word' id='word_1_451' title='bbox 1611 3112 1679 3147; x_wconf 89' lang='lat' dir='ltr'>eam.</span> <span class='ocrx_word' id='word_1_452' title='bbox 1715 3094 1778 3149; x_wconf 85' lang='lat' dir='ltr'>Act.</span> <span class='ocrx_word' id='word_1_453' title='bbox 1801 3099 1829 3161; x_wconf 79' lang='lat'>7,</span> <span class='ocrx_word' id='word_1_454' title='bbox 1847 3110 1872 3148; x_wconf 84' lang='lat' dir='ltr'>v.</span> <span class='ocrx_word' id='word_1_455' title='bbox 1893 3098 1941 3148; x_wconf 82' lang='lat'>19:</span> <span class='ocrx_word' id='word_1_456' title='bbox 1968 3108 2002 3145; x_wconf 90' lang='lat' dir='ltr'>ne</span> <span class='ocrx_word' id='word_1_457' title='bbox 2032 3093 2161 3158; x_wconf 76' lang='lat' dir='ltr'>infantes</span> 
     </span>
     <span class='ocr_line' id='line_1_31' title="bbox 462 3179 2159 3254; baseline -0.001 -18"><span class='ocrx_word' id='word_1_458' title='bbox 462 3185 570 3236; x_wconf 82' lang='lat' dir='ltr'>stantia</span> <span class='ocrx_word' id='word_1_459' title='bbox 591 3184 657 3252; x_wconf 87' lang='lat' dir='ltr'>ipsa</span> <span class='ocrx_word' id='word_1_460' title='bbox 682 3183 778 3238; x_wconf 84' lang='lat' dir='ltr'>cordis</span> <span class='ocrx_word' id='word_1_461' title='bbox 801 3184 961 3253; x_wconf 77' lang='lat' dir='ltr'>spiritualis</span> <span class='ocrx_word' id='word_1_462' title='bbox 989 3194 1103 3254; x_wconf 89' lang='lat' dir='ltr'>accepto</span> <span class='ocrx_word' id='word_1_463' title='bbox 1129 3185 1232 3238; x_wconf 87' lang='lat' dir='ltr'>semine</span> <span class='ocrx_word' id='word_1_464' title='bbox 1257 3185 1299 3237; x_wconf 90' lang='lat' dir='ltr'>di·</span> <span class='ocrx_word' id='word_1_465' title='bbox 1322 3182 1537 3250; x_wconf 77' lang='lat' dir='ltr'>vivificarentur.</span> <span class='ocrx_word' id='word_1_466' title='bbox 1573 3185 1597 3235; x_wconf 73' lang='grc'>4.</span> <span class='ocrx_word' id='word_1_467' title='bbox 1616 3183 1708 3234; x_wconf 90' lang='lat' dir='ltr'>Deum</span> <span class='ocrx_word' id='word_1_468' title='bbox 1735 3179 1853 3249; x_wconf 84' lang='lat' dir='ltr'>operari</span> <span class='ocrx_word' id='word_1_469' title='bbox 1869 3181 1899 3232; x_wconf 90' lang='lat' dir='ltr'>in</span> <span class='ocrx_word' id='word_1_470' title='bbox 1914 3179 1996 3232; x_wconf 81' lang='lat' dir='ltr'>nobis</span> <span class='ocrx_word' id='word_1_471' title='bbox 2015 3179 2088 3234; x_wconf 81' lang='lat' dir='ltr'>uelle</span> <span class='ocrx_word' id='word_1_472' title='bbox 2108 3182 2159 3250; x_wconf 78' lang='lat' dir='ltr'>ju-</span> 
     </span>
     <span class='ocr_line' id='line_1_32' title="bbox 462 3266 2160 3339; baseline -0.001 -17"><span class='ocrx_word' id='word_1_473' title='bbox 462 3270 545 3323; x_wconf 80' lang='lat' dir='ltr'>sione</span> <span class='ocrx_word' id='word_1_474' title='bbox 572 3269 685 3339; x_wconf 77' lang='lat' dir='ltr'>pratiae</span> <span class='ocrx_word' id='word_1_475' title='bbox 712 3278 876 3339; x_wconf 81' lang='lat' dir='ltr'>cooperetur</span> <span class='ocrx_word' id='word_1_476' title='bbox 900 3271 941 3321; x_wconf 89' lang='lat' dir='ltr'>ad</span> <span class='ocrx_word' id='word_1_477' title='bbox 964 3271 1087 3331; x_wconf 77' lang='lat' dir='ltr'>fructum</span> <span class='ocrx_word' id='word_1_478' title='bbox 1111 3272 1299 3324; x_wconf 84' lang='lat' dir='ltr'>conversionis</span> <span class='ocrx_word' id='word_1_479' title='bbox 1322 3269 1416 3320; x_wconf 81' lang='lat' dir='ltr'>vando</span> <span class='ocrx_word' id='word_1_480' title='bbox 1433 3277 1458 3320; x_wconf 93' lang='lat' dir='ltr'>et</span> <span class='ocrx_word' id='word_1_481' title='bbox 1476 3269 1632 3336; x_wconf 75' lang='lat' dir='ltr'>oscitando,</span> <span class='ocrx_word' id='word_1_482' title='bbox 1648 3275 1678 3320; x_wconf 90' lang='lat' dir='ltr'>ut</span> <span class='ocrx_word' id='word_1_483' title='bbox 1696 3267 1800 3336; x_wconf 87' lang='lat' dir='ltr'>reipsa</span> <span class='ocrx_word' id='word_1_484' title='bbox 1812 3266 1935 3333; x_wconf 81' lang='lat' dir='ltr'>uelimus,</span> <span class='ocrx_word' id='word_1_485' title='bbox 1952 3266 1987 3319; x_wconf 84' lang='lat' dir='ltr'>id</span> <span class='ocrx_word' id='word_1_486' title='bbox 1998 3273 2092 3320; x_wconf 90' lang='lat' dir='ltr'>tamen</span> <span class='ocrx_word' id='word_1_487' title='bbox 2104 3285 2160 3321; x_wconf 89' lang='lat' dir='ltr'>non</span> 
     </span>
     <span class='ocr_line' id='line_1_33' title="bbox 463 3352 2157 3430; baseline -0.001 -21"><span class='ocrx_word' id='word_1_488' title='bbox 463 3373 531 3409; x_wconf 88' lang='lat' dir='ltr'>suae</span> <span class='ocrx_word' id='word_1_489' title='bbox 549 3364 580 3430; x_wconf 49' lang='lat' dir='ltr'>et,</span> <span class='ocrx_word' id='word_1_490' title='bbox 593 3355 711 3425; x_wconf 83' lang='lat' dir='ltr'>pietatis</span> <span class='ocrx_word' id='word_1_491' title='bbox 732 3374 819 3425; x_wconf 82' lang='lat' dir='ltr'>opera</span> <span class='ocrx_word' id='word_1_492' title='bbox 842 3358 1037 3425; x_wconf 78' lang='lat' dir='ltr'>permiranda.</span> <span class='ocrx_word' id='word_1_493' title='bbox 1073 3358 1297 3428; x_wconf 84' lang='lat' dir='ltr'>Respondemus:</span> <span class='ocrx_word' id='word_1_494' title='bbox 1322 3355 1382 3406; x_wconf 87' lang='lat' dir='ltr'>sine</span> <span class='ocrx_word' id='word_1_495' title='bbox 1400 3356 1487 3423; x_wconf 71' lang='lat' dir='ltr'>nobie,</span> <span class='ocrx_word' id='word_1_496' title='bbox 1507 3356 1634 3425; x_wconf 79' lang='lat' dir='ltr'>alioquin</span> <span class='ocrx_word' id='word_1_497' title='bbox 1652 3373 1707 3407; x_wconf 90' lang='lat' dir='ltr'>non</span> <span class='ocrx_word' id='word_1_498' title='bbox 1727 3357 1832 3407; x_wconf 85' lang='lat' dir='ltr'>diceret</span> <span class='ocrx_word' id='word_1_499' title='bbox 1851 3352 2013 3422; x_wconf 85' lang='lat' dir='ltr'>apostolus:</span> <span class='ocrx_word' id='word_1_500' title='bbox 2033 3352 2103 3407; x_wconf 57' lang='lat' dir='ltr'>(siem</span> <span class='ocrx_word' id='word_1_501' title='bbox 2122 3355 2157 3407; x_wconf 88' lang='lat' dir='ltr'>ti-</span> 
     </span>
     <span class='ocr_line' id='line_1_34' title="bbox 462 3433 2158 3514; baseline -0.001 -17"><span class='ocrx_word' id='word_1_502' title='bbox 462 3443 536 3501; x_wconf 82' lang='lat' dir='ltr'>Sane</span> <span class='ocrx_word' id='word_1_503' title='bbox 562 3450 710 3514; x_wconf 83' lang='lat' dir='ltr'>postquam</span> <span class='ocrx_word' id='word_1_504' title='bbox 733 3441 816 3497; x_wconf 90' lang='lat' dir='ltr'>homo</span> <span class='ocrx_word' id='word_1_505' title='bbox 837 3443 897 3512; x_wconf 76' lang='lat' dir='ltr'>Jam</span> <span class='ocrx_word' id='word_1_506' title='bbox 923 3450 1035 3497; x_wconf 87' lang='lat' dir='ltr'>renatus</span> <span class='ocrx_word' id='word_1_507' title='bbox 1058 3462 1108 3514; x_wconf 89' lang='lat' dir='ltr'>per</span> <span class='ocrx_word' id='word_1_508' title='bbox 1128 3443 1260 3513; x_wconf 86' lang='lat' dir='ltr'>Spiritum</span> <span class='ocrx_word' id='word_1_509' title='bbox 1276 3463 1296 3499; x_wconf 90' lang='lat' dir='ltr'>s.</span> <span class='ocrx_word' id='word_1_510' title='bbox 1323 3433 1444 3494; x_wconf 68' lang='lat' dir='ltr'>more&#39;et</span> <span class='ocrx_word' id='word_1_511' title='bbox 1465 3449 1583 3494; x_wconf 86' lang='lat' dir='ltr'>tremore</span> <span class='ocrx_word' id='word_1_512' title='bbox 1600 3441 1758 3509; x_wconf 81' lang='lat' dir='ltr'>operamini</span> <span class='ocrx_word' id='word_1_513' title='bbox 1775 3440 1894 3493; x_wconf 82' lang='lat' dir='ltr'>sairrtem</span> <span class='ocrx_word' id='word_1_514' title='bbox 1911 3447 2034 3493; x_wconf 82' lang='lat' dir='ltr'>cestram</span> <span class='ocrx_word' id='word_1_515' title='bbox 2046 3438 2119 3494; x_wconf 77' lang='lat' dir='ltr'>Phil</span> <span class='ocrx_word' id='word_1_516' title='bbox 2135 3445 2158 3495; x_wconf 81' lang='grc'>2.</span> 
     </span>
     <span class='ocr_line' id='line_1_35' title="bbox 464 3523 2157 3601; baseline -0.002 -17"><span class='ocrx_word' id='word_1_517' title='bbox 464 3529 538 3601; x_wconf 84' lang='lat' dir='ltr'>agit,</span> <span class='ocrx_word' id='word_1_518' title='bbox 560 3528 642 3592; x_wconf 86' lang='lat' dir='ltr'>¹novis</span> <span class='ocrx_word' id='word_1_519' title='bbox 666 3528 721 3582; x_wconf 93' lang='lat' dir='ltr'>illis</span> <span class='ocrx_word' id='word_1_520' title='bbox 748 3545 765 3582; x_wconf 93' lang='lat' dir='ltr'>a</span> <span class='ocrx_word' id='word_1_521' title='bbox 782 3525 844 3583; x_wconf 90' lang='lat' dir='ltr'>Deo</span> <span class='ocrx_word' id='word_1_522' title='bbox 870 3529 978 3584; x_wconf 88' lang='lat' dir='ltr'>donatis</span> <span class='ocrx_word' id='word_1_523' title='bbox 1006 3529 1111 3584; x_wconf 89' lang='lat' dir='ltr'>viribus</span> <span class='ocrx_word' id='word_1_524' title='bbox 1135 3529 1171 3583; x_wconf 90' lang='lat' dir='ltr'>ad</span> <span class='ocrx_word' id='word_1_525' title='bbox 1194 3529 1297 3585; x_wconf 90' lang='lat' dir='ltr'>bonum</span> <span class='ocrx_word' id='word_1_526' title='bbox 1310 3575 1312 3586; x_wconf 89' lang='lat'><em>.</em></span> <span class='ocrx_word' id='word_1_527' title='bbox 1323 3527 1545 3597; x_wconf 82' lang='lat' dir='ltr'>Respondemus:</span> <span class='ocrx_word' id='word_1_528' title='bbox 1564 3527 1702 3597; x_wconf 86' lang='lat' dir='ltr'>Loquitur</span> <span class='ocrx_word' id='word_1_529' title='bbox 1713 3525 1855 3596; x_wconf 88' lang='lat' dir='ltr'>apostolus</span> <span class='ocrx_word' id='word_1_530' title='bbox 1870 3524 1905 3578; x_wconf 93' lang='lat' dir='ltr'>de</span> <span class='ocrx_word' id='word_1_531' title='bbox 1917 3523 2028 3594; x_wconf 89' lang='lat' dir='ltr'>renatis,</span> <span class='ocrx_word' id='word_1_532' title='bbox 2044 3525 2093 3596; x_wconf 92' lang='lat' dir='ltr'>qui</span> <span class='ocrx_word' id='word_1_533' title='bbox 2105 3543 2157 3596; x_wconf 88' lang='lat' dir='ltr'>per</span> 
     </span>
     <span class='ocr_line' id='line_1_36' title="bbox 464 3610 2158 3687; baseline -0.002 -15"><span class='ocrx_word' id='word_1_534' title='bbox 464 3622 642 3687; x_wconf 83' lang='lat' dir='ltr'>cooperatur,</span> <span class='ocrx_word' id='word_1_535' title='bbox 669 3616 718 3669; x_wconf 87' lang='lat' dir='ltr'>sed</span> <span class='ocrx_word' id='word_1_536' title='bbox 742 3615 772 3669; x_wconf 90' lang='lat' dir='ltr'>in</span> <span class='ocrx_word' id='word_1_537' title='bbox 789 3616 877 3686; x_wconf 86' lang='lat' dir='ltr'>primo</span> <span class='ocrx_word' id='word_1_538' title='bbox 897 3615 1085 3671; x_wconf 79' lang='lat' dir='ltr'>conversionis</span> <span class='ocrx_word' id='word_1_539' title='bbox 1103 3625 1169 3670; x_wconf 82' lang='lat' dir='ltr'>actu</span> <span class='ocrx_word' id='word_1_540' title='bbox 1186 3625 1297 3672; x_wconf 84' lang='lat' dir='ltr'>natura·</span> <span class='ocrx_word' id='word_1_541' title='bbox 1322 3630 1407 3666; x_wconf 87' lang='lat' dir='ltr'>novas</span> <span class='ocrx_word' id='word_1_542' title='bbox 1426 3629 1444 3666; x_wconf 84' lang='lat' dir='ltr'>a</span> <span class='ocrx_word' id='word_1_543' title='bbox 1457 3613 1517 3667; x_wconf 86' lang='lat' dir='ltr'>Deo</span> <span class='ocrx_word' id='word_1_544' title='bbox 1531 3613 1647 3667; x_wconf 86' lang='lat' dir='ltr'>donatas</span> <span class='ocrx_word' id='word_1_545' title='bbox 1661 3613 1732 3667; x_wconf 88' lang='lat' dir='ltr'>vires</span> <span class='ocrx_word' id='word_1_546' title='bbox 1744 3617 1808 3682; x_wconf 90' lang='lat' dir='ltr'>post</span> <span class='ocrx_word' id='word_1_547' title='bbox 1827 3610 2064 3681; x_wconf 81' lang='lat' dir='ltr'>regenerationem</span> <span class='ocrx_word' id='word_1_548' title='bbox 2077 3628 2158 3666; x_wconf 88' lang='lat' dir='ltr'>susm</span> 
     </span>
     <span class='ocr_line' id='line_1_37' title="bbox 460 3694 2159 3774; baseline -0.005 -16"><span class='ocrx_word' id='word_1_549' title='bbox 460 3704 534 3758; x_wconf 90' lang='lat' dir='ltr'>libus</span> <span class='ocrx_word' id='word_1_550' title='bbox 561 3703 619 3756; x_wconf 88' lang='lat' dir='ltr'>suis</span> <span class='ocrx_word' id='word_1_551' title='bbox 643 3701 750 3756; x_wconf 90' lang='lat' dir='ltr'>viribus</span> <span class='ocrx_word' id='word_1_552' title='bbox 778 3719 954 3774; x_wconf 84' lang='lat' dir='ltr'>nequaquam</span> <span class='ocrx_word' id='word_1_553' title='bbox 981 3709 1158 3772; x_wconf 87' lang='lat' dir='ltr'>cooperatur,</span> <span class='ocrx_word' id='word_1_554' title='bbox 1190 3720 1299 3774; x_wconf 89' lang='lat' dir='ltr'>semper</span> <span class='ocrx_word' id='word_1_555' title='bbox 1323 3698 1465 3769; x_wconf 83' lang='lat' dir='ltr'>cooperari</span> <span class='ocrx_word' id='word_1_556' title='bbox 1491 3707 1618 3768; x_wconf 89' lang='lat' dir='ltr'>possunt,</span> <span class='ocrx_word' id='word_1_557' title='bbox 1642 3698 1767 3769; x_wconf 83' lang='lat' dir='ltr'>quaestio</span> <span class='ocrx_word' id='word_1_558' title='bbox 1790 3702 1883 3750; x_wconf 84' lang='lat' dir='ltr'>eutem</span> <span class='ocrx_word' id='word_1_559' title='bbox 1901 3694 1927 3750; x_wconf 81' lang='lat' dir='ltr'>b</span> <span class='ocrx_word' id='word_1_560' title='bbox 1947 3696 1964 3749; x_wconf 91' lang='lat' dir='ltr'>l.</span> <span class='ocrx_word' id='word_1_561' title='bbox 1983 3703 2026 3751; x_wconf 90' lang='lat' dir='ltr'>est</span> <span class='ocrx_word' id='word_1_562' title='bbox 2044 3696 2079 3752; x_wconf 89' lang='lat' dir='ltr'>de</span> <span class='ocrx_word' id='word_1_563' title='bbox 2095 3696 2159 3767; x_wconf 86' lang='lat' dir='ltr'>ipso</span> 
     </span>
     <span class='ocr_line' id='line_1_38' title="bbox 461 3781 2160 3862; baseline -0.006 -18"><span class='ocrx_word' id='word_1_564' title='bbox 461 3789 549 3862; x_wconf 80' lang='lat' dir='ltr'>igitur</span> <span class='ocrx_word' id='word_1_565' title='bbox 572 3787 780 3843; x_wconf 84' lang='lat' dir='ltr'>confunduntur</span> <span class='ocrx_word' id='word_1_566' title='bbox 804 3788 929 3842; x_wconf 89' lang='lat' dir='ltr'>diversae</span> <span class='ocrx_word' id='word_1_567' title='bbox 953 3788 1135 3858; x_wconf 85' lang='lat' dir='ltr'>quaestiones.</span> <span class='ocrx_word' id='word_1_568' title='bbox 1171 3794 1199 3844; x_wconf 77' lang='lat'>3.</span> <span class='ocrx_word' id='word_1_569' title='bbox 1219 3784 1509 3850; x_wconf 66' lang='lat' dir='ltr'>siensnonvsrsionis</span> <span class='ocrx_word' id='word_1_570' title='bbox 1529 3792 1607 3851; x_wconf 89' lang='lat' dir='ltr'>actu,</span> <span class='ocrx_word' id='word_1_571' title='bbox 1632 3783 1700 3853; x_wconf 87' lang='lat' dir='ltr'>quid</span> <span class='ocrx_word' id='word_1_572' title='bbox 1725 3784 1754 3838; x_wconf 92' lang='lat' dir='ltr'>in</span> <span class='ocrx_word' id='word_1_573' title='bbox 1777 3799 1810 3838; x_wconf 86' lang='lat' dir='ltr'>eo</span> <span class='ocrx_word' id='word_1_574' title='bbox 1831 3784 1962 3837; x_wconf 73' lang='lat' dir='ltr'>,voluntas</span> <span class='ocrx_word' id='word_1_575' title='bbox 1986 3781 2108 3838; x_wconf 82' lang='lat' dir='ltr'>humana</span> <span class='ocrx_word' id='word_1_576' title='bbox 2126 3801 2160 3839; x_wconf 82' lang='lat' dir='ltr'>ex</span> 
     </span>
     <span class='ocr_line' id='line_1_39' title="bbox 459 3869 2159 3946; baseline -0.002 -17"><span class='ocrx_word' id='word_1_577' title='bbox 459 3876 637 3946; x_wconf 88' lang='lat' dir='ltr'>respiciendo</span> <span class='ocrx_word' id='word_1_578' title='bbox 655 3875 800 3927; x_wconf 84' lang='lat' dir='ltr'>terminum</span> <span class='ocrx_word' id='word_1_579' title='bbox 819 3875 1035 3942; x_wconf 67' lang='lat' dir='ltr'>justificationis</span> <span class='ocrx_word' id='word_1_580' title='bbox 1054 3876 1132 3928; x_wconf 86' lang='lat' dir='ltr'>Deus</span> <span class='ocrx_word' id='word_1_581' title='bbox 1154 3876 1229 3941; x_wconf 74' lang='lat' dir='ltr'>facit</span> <span class='ocrx_word' id='word_1_582' title='bbox 1247 3894 1297 3929; x_wconf 86' lang='lat' dir='ltr'>nos</span> <span class='ocrx_word' id='word_1_583' title='bbox 1324 3888 1353 3926; x_wconf 88' lang='lat' dir='ltr'>sc</span> <span class='ocrx_word' id='word_1_584' title='bbox 1372 3878 1400 3924; x_wconf 89' lang='lat' dir='ltr'>et</span> <span class='ocrx_word' id='word_1_585' title='bbox 1419 3871 1476 3923; x_wconf 89' lang='lat' dir='ltr'>suis</span> <span class='ocrx_word' id='word_1_586' title='bbox 1494 3869 1668 3924; x_wconf 83' lang='lat' dir='ltr'>naturalibus</span> <span class='ocrx_word' id='word_1_587' title='bbox 1685 3870 1790 3925; x_wconf 87' lang='lat' dir='ltr'>viribus</span> <span class='ocrx_word' id='word_1_588' title='bbox 1809 3870 1909 3940; x_wconf 88' lang='lat' dir='ltr'>possit,</span> <span class='ocrx_word' id='word_1_589' title='bbox 1929 3869 1978 3924; x_wconf 93' lang='lat' dir='ltr'>ubi</span> <span class='ocrx_word' id='word_1_590' title='bbox 1996 3876 2071 3924; x_wconf 87' lang='lat' dir='ltr'>certe</span> <span class='ocrx_word' id='word_1_591' title='bbox 2090 3887 2159 3925; x_wconf 89' lang='lat' dir='ltr'>non·</span> 
     </span>
     <span class='ocr_line' id='line_1_40' title="bbox 459 3952 2160 4030; baseline -0.005 -13"><span class='ocrx_word' id='word_1_592' title='bbox 459 3971 486 4017; x_wconf 84' lang='lat' dir='ltr'>et</span> <span class='ocrx_word' id='word_1_593' title='bbox 504 3979 561 4015; x_wconf 89' lang='lat' dir='ltr'>nan</span> <span class='ocrx_word' id='word_1_594' title='bbox 578 3961 637 4030; x_wconf 87' lang='lat' dir='ltr'>ipsi</span> <span class='ocrx_word' id='word_1_595' title='bbox 653 3978 716 4027; x_wconf 91' lang='lat' dir='ltr'>nos,</span> <span class='ocrx_word' id='word_1_596' title='bbox 741 3961 808 4029; x_wconf 79' lang='lat' dir='ltr'>quia</span> <span class='ocrx_word' id='word_1_597' title='bbox 833 3961 893 4029; x_wconf 88' lang='lat' dir='ltr'>ipse</span> <span class='ocrx_word' id='word_1_598' title='bbox 910 3960 1034 4013; x_wconf 71' lang='lat' dir='ltr'>tarnim</span> <span class='ocrx_word' id='word_1_599' title='bbox 1052 3962 1182 4014; x_wconf 68' lang='lat' dir='ltr'>caritatis</span> <span class='ocrx_word' id='word_1_600' title='bbox 1202 3964 1296 4025; x_wconf 77' lang='lat' dir='ltr'>infun</span> <span class='ocrx_word' id='word_1_601' title='bbox 1323 3958 1388 4012; x_wconf 94' lang='lat' dir='ltr'>dum</span> <span class='ocrx_word' id='word_1_602' title='bbox 1405 3966 1448 4011; x_wconf 89' lang='lat' dir='ltr'>est</span> <span class='ocrx_word' id='word_1_603' title='bbox 1467 3954 1606 4026; x_wconf 70' lang='grc' dir='ltr'><em>σύνεργες,</em></span> <span class='ocrx_word' id='word_1_604' title='bbox 1624 3957 1672 4010; x_wconf 89' lang='lat' dir='ltr'>sed</span> <span class='ocrx_word' id='word_1_605' title='bbox 1692 3963 1799 4010; x_wconf 90' lang='lat' dir='ltr'>tautum</span> <span class='ocrx_word' id='word_1_606' title='bbox 1816 3952 1961 4023; x_wconf 67' lang='grc' dir='ltr'><em>παθητική.</em></span> <span class='ocrx_word' id='word_1_607' title='bbox 1996 3953 2107 4008; x_wconf 82' lang='lat' dir='ltr'>Certum</span> <span class='ocrx_word' id='word_1_608' title='bbox 2120 3964 2160 4009; x_wconf 86' lang='lat' dir='ltr'>est</span> 
     </span>
     <span class='ocr_line' id='line_1_41' title="bbox 460 4043 2160 4116; baseline -0.002 -16"><span class='ocrx_word' id='word_1_609' title='bbox 460 4047 518 4116; x_wconf 90' lang='lat' dir='ltr'>dit,·</span> <span class='ocrx_word' id='word_1_610' title='bbox 537 4048 579 4100; x_wconf 86' lang='lat' dir='ltr'>ita</span> <span class='ocrx_word' id='word_1_611' title='bbox 597 4047 775 4116; x_wconf 82' lang='lat' dir='ltr'>respicienda</span> <span class='ocrx_word' id='word_1_612' title='bbox 788 4046 1051 4114; x_wconf 83' lang='lat' dir='ltr'>dr&#39;spositionemad</span> <span class='ocrx_word' id='word_1_613' title='bbox 1067 4047 1296 4114; x_wconf 75' lang='lat' dir='ltr'>justificationem</span> <span class='ocrx_word' id='word_1_614' title='bbox 1323 4064 1373 4099; x_wconf 87' lang='lat' dir='ltr'>nos</span> <span class='ocrx_word' id='word_1_615' title='bbox 1390 4045 1474 4111; x_wconf 85' lang='lat' dir='ltr'>veile,</span> <span class='ocrx_word' id='word_1_616' title='bbox 1500 4062 1561 4096; x_wconf 86' lang='lat' dir='ltr'>curn</span> <span class='ocrx_word' id='word_1_617' title='bbox 1576 4044 1716 4107; x_wconf 74' lang='lat' dir='ltr'>ratramus,</span> <span class='ocrx_word' id='word_1_618' title='bbox 1733 4047 1785 4096; x_wconf 84' lang='lat' dir='ltr'>sed</span> <span class='ocrx_word' id='word_1_619' title='bbox 1802 4043 1852 4097; x_wconf 87' lang='lat' dir='ltr'>ille</span> <span class='ocrx_word' id='word_1_620' title='bbox 1870 4044 1960 4111; x_wconf 84' lang='lat' dir='ltr'>facit,</span> <span class='ocrx_word' id='word_1_621' title='bbox 1983 4051 2014 4095; x_wconf 91' lang='lat' dir='ltr'>ut</span> <span class='ocrx_word' id='word_1_622' title='bbox 2033 4043 2160 4112; x_wconf 79' lang='lat' dir='ltr'>uelimus,</span> 
     </span>
     <span class='ocr_line' id='line_1_42' title="bbox 460 4131 2161 4204; baseline -0.004 -17"><span class='ocrx_word' id='word_1_623' title='bbox 460 4134 520 4204; x_wconf 73' lang='lat' dir='ltr'>apti</span> <span class='ocrx_word' id='word_1_624' title='bbox 545 4150 597 4186; x_wconf 80' lang='lat' dir='ltr'>uos</span> <span class='ocrx_word' id='word_1_625' title='bbox 620 4134 684 4187; x_wconf 84' lang='lat' dir='ltr'>Dee</span> <span class='ocrx_word' id='word_1_626' title='bbox 712 4132 866 4202; x_wconf 70' lang='lat' dir='ltr'>adiumnte</span> <span class='ocrx_word' id='word_1_627' title='bbox 892 4132 1030 4199; x_wconf 79' lang='lat' dir='ltr'>facimus,</span> <span class='ocrx_word' id='word_1_628' title='bbox 1059 4136 1136 4203; x_wconf 76' lang='lat' dir='ltr'>quod</span> <span class='ocrx_word' id='word_1_629' title='bbox 1161 4137 1298 4202; x_wconf 77' lang='lat' dir='ltr'>expressit</span> <span class='ocrx_word' id='word_1_630' title='bbox 1322 4134 1357 4184; x_wconf 84' lang='lat' dir='ltr'>de</span> <span class='ocrx_word' id='word_1_631' title='bbox 1378 4148 1432 4199; x_wconf 80' lang='lat' dir='ltr'>qno</span> <span class='ocrx_word' id='word_1_632' title='bbox 1451 4131 1496 4183; x_wconf 79' lang='lat' dir='ltr'>tis</span> <span class='ocrx_word' id='word_1_633' title='bbox 1514 4131 1626 4193; x_wconf 89' lang='lat' dir='ltr'>dicitur,</span> <span class='ocrx_word' id='word_1_634' title='bbox 1648 4133 1727 4183; x_wconf 86' lang='lat' dir='ltr'>Deus</span> <span class='ocrx_word' id='word_1_635' title='bbox 1747 4138 1796 4197; x_wconf 85' lang='lat' dir='ltr'>est,</span> <span class='ocrx_word' id='word_1_636' title='bbox 1816 4131 1866 4198; x_wconf 81' lang='lat' dir='ltr'>qui</span> <span class='ocrx_word' id='word_1_637' title='bbox 1885 4138 2019 4198; x_wconf 85' lang='lat' dir='ltr'>operatur</span> <span class='ocrx_word' id='word_1_638' title='bbox 2033 4131 2063 4181; x_wconf 88' lang='lat' dir='ltr'>in</span> <span class='ocrx_word' id='word_1_639' title='bbox 2078 4131 2161 4184; x_wconf 81' lang='lat' dir='ltr'>nobis</span> 
     </span>
     <span class='ocr_line' id='line_1_43' title="bbox 461 4213 2161 4289; baseline -0.002 -15"><span class='ocrx_word' id='word_1_640' title='bbox 461 4218 563 4276; x_wconf 75' lang='lat' dir='ltr'>Erech.</span> <span class='ocrx_word' id='word_1_641' title='bbox 582 4235 606 4275; x_wconf 92' lang='lat' dir='ltr'>c.</span> <span class='ocrx_word' id='word_1_642' title='bbox 629 4223 676 4277; x_wconf 81' lang='lat' dir='ltr'>te.</span> <span class='ocrx_word' id='word_1_643' title='bbox 693 4236 755 4272; x_wconf 76' lang='lat' dir='ltr'>cum</span> <span class='ocrx_word' id='word_1_644' title='bbox 772 4219 830 4272; x_wconf 86' lang='lat' dir='ltr'>ait:</span> <span class='ocrx_word' id='word_1_645' title='bbox 854 4219 915 4287; x_wconf 83' lang='lat' dir='ltr'>ipss</span> <span class='ocrx_word' id='word_1_646' title='bbox 933 4219 1056 4272; x_wconf 89' lang='lat' dir='ltr'>animam</span> <span class='ocrx_word' id='word_1_647' title='bbox 1076 4237 1155 4272; x_wconf 85' lang='lat' dir='ltr'>suom</span> <span class='ocrx_word' id='word_1_648' title='bbox 1176 4222 1297 4289; x_wconf 67' lang='lat' dir='ltr'>riru&#39;yica-</span> <span class='ocrx_word' id='word_1_649' title='bbox 1322 4217 1398 4271; x_wconf 84' lang='lat' dir='ltr'>veile.</span> <span class='ocrx_word' id='word_1_650' title='bbox 1434 4216 1584 4287; x_wconf 81' lang='lat' dir='ltr'>Augustin.</span> <span class='ocrx_word' id='word_1_651' title='bbox 1603 4217 1639 4270; x_wconf 91' lang='lat' dir='ltr'>de</span> <span class='ocrx_word' id='word_1_652' title='bbox 1656 4221 1726 4287; x_wconf 84' lang='lat' dir='ltr'>grat.</span> <span class='ocrx_word' id='word_1_653' title='bbox 1746 4222 1773 4270; x_wconf 92' lang='lat' dir='ltr'>et</span> <span class='ocrx_word' id='word_1_654' title='bbox 1799 4216 1847 4270; x_wconf 92' lang='lat' dir='ltr'>lib.</span> <span class='ocrx_word' id='word_1_655' title='bbox 1871 4213 1953 4268; x_wconf 89' lang='lat' dir='ltr'>arbit.</span> <span class='ocrx_word' id='word_1_656' title='bbox 1972 4232 1997 4271; x_wconf 91' lang='lat' dir='ltr'>c.</span> <span class='ocrx_word' id='word_1_657' title='bbox 2019 4221 2065 4270; x_wconf 78' lang='lat'>16:</span> <span class='ocrx_word' id='word_1_658' title='bbox 2093 4217 2161 4270; x_wconf 86' lang='lat' dir='ltr'>Non</span> 
     </span>
     <span class='ocr_line' id='line_1_44' title="bbox 463 4301 2161 4375; baseline -0.003 -16"><span class='ocrx_word' id='word_1_659' title='bbox 463 4306 509 4359; x_wconf 79' lang='lat' dir='ltr'>tir.</span> <span class='ocrx_word' id='word_1_660' title='bbox 545 4304 770 4375; x_wconf 86' lang='lat' dir='ltr'>Respondemus:</span> <span class='ocrx_word' id='word_1_661' title='bbox 793 4302 963 4359; x_wconf 73' lang='lat' dir='ltr'>iustificatio</span> <span class='ocrx_word' id='word_1_662' title='bbox 984 4310 1078 4358; x_wconf 87' lang='lat' dir='ltr'>nostra</span> <span class='ocrx_word' id='word_1_663' title='bbox 1095 4322 1150 4359; x_wconf 92' lang='lat' dir='ltr'>non</span> <span class='ocrx_word' id='word_1_664' title='bbox 1170 4306 1298 4361; x_wconf 89' lang='lat' dir='ltr'>consistit</span> <span class='ocrx_word' id='word_1_665' title='bbox 1319 4311 1437 4371; x_wconf 77' lang='lat' dir='ltr'>propter</span> <span class='ocrx_word' id='word_1_666' title='bbox 1453 4304 1669 4370; x_wconf 80' lang='lat' dir='ltr'>possibilitatem</span> <span class='ocrx_word' id='word_1_667' title='bbox 1685 4303 1771 4354; x_wconf 84' lang='lat' dir='ltr'>bonae</span> <span class='ocrx_word' id='word_1_668' title='bbox 1785 4301 1938 4354; x_wconf 76' lang='lat' dir='ltr'>coleritatis</span> <span class='ocrx_word' id='word_1_669' title='bbox 1956 4308 2037 4369; x_wconf 77' lang='lat' dir='ltr'>atpre</span> <span class='ocrx_word' id='word_1_670' title='bbox 2056 4304 2161 4370; x_wconf 85' lang='lat' dir='ltr'>operis,</span> 
     </span>
     <span class='ocr_line' id='line_1_45' title="bbox 460 4387 2161 4462; baseline -0.004 -17"><span class='ocrx_word' id='word_1_671' title='bbox 460 4391 489 4446; x_wconf 92' lang='lat' dir='ltr'>in</span> <span class='ocrx_word' id='word_1_672' title='bbox 509 4391 619 4445; x_wconf 89' lang='lat' dir='ltr'>habitus</span> <span class='ocrx_word' id='word_1_673' title='bbox 639 4391 786 4462; x_wconf 88' lang='lat' dir='ltr'>cujusdam</span> <span class='ocrx_word' id='word_1_674' title='bbox 806 4388 956 4456; x_wconf 80' lang='lat' dir='ltr'>infusione,</span> <span class='ocrx_word' id='word_1_675' title='bbox 977 4388 1072 4443; x_wconf 89' lang='lat' dir='ltr'>sedin</span> <span class='ocrx_word' id='word_1_676' title='bbox 1091 4392 1215 4460; x_wconf 83' lang='lat' dir='ltr'>gratuitu</span> <span class='ocrx_word' id='word_1_677' title='bbox 1233 4410 1296 4461; x_wconf 91' lang='lat' dir='ltr'>pec·</span> <span class='ocrx_word' id='word_1_678' title='bbox 1323 4390 1374 4442; x_wconf 86' lang='lat' dir='ltr'>sed</span> <span class='ocrx_word' id='word_1_679' title='bbox 1392 4390 1475 4442; x_wconf 86' lang='lat' dir='ltr'>etiam</span> <span class='ocrx_word' id='word_1_680' title='bbox 1489 4396 1608 4457; x_wconf 85' lang='lat' dir='ltr'>propter</span> <span class='ocrx_word' id='word_1_681' title='bbox 1626 4389 1794 4442; x_wconf 83' lang='lat' dir='ltr'>uoluntatem</span> <span class='ocrx_word' id='word_1_682' title='bbox 1812 4396 1837 4439; x_wconf 93' lang='lat' dir='ltr'>et</span> <span class='ocrx_word' id='word_1_683' title='bbox 1856 4387 2045 4456; x_wconf 82' lang='lat' dir='ltr'>operationem</span> <span class='ocrx_word' id='word_1_684' title='bbox 2058 4387 2161 4441; x_wconf 82' lang='lat' dir='ltr'>bonam</span> 
     </span>
     <span class='ocr_line' id='line_1_46' title="bbox 460 4473 2161 4547; baseline -0.002 -15"><span class='ocrx_word' id='word_1_685' title='bbox 460 4485 584 4532; x_wconf 91' lang='lat' dir='ltr'>catorum</span> <span class='ocrx_word' id='word_1_686' title='bbox 610 4477 773 4531; x_wconf 86' lang='lat' dir='ltr'>remissione</span> <span class='ocrx_word' id='word_1_687' title='bbox 798 4482 826 4530; x_wconf 93' lang='lat' dir='ltr'>et</span> <span class='ocrx_word' id='word_1_688' title='bbox 848 4476 976 4545; x_wconf 88' lang='lat' dir='ltr'>justitiae</span> <span class='ocrx_word' id='word_1_689' title='bbox 999 4474 1153 4531; x_wconf 84' lang='lat' dir='ltr'>CHRISTI</span> <span class='ocrx_word' id='word_1_690' title='bbox 1179 4478 1295 4547; x_wconf 86' lang='lat' dir='ltr'>imputa·</span> <span class='ocrx_word' id='word_1_691' title='bbox 1323 4492 1392 4542; x_wconf 76' lang='lat' dir='ltr'>erpa</span> <span class='ocrx_word' id='word_1_692' title='bbox 1412 4492 1464 4527; x_wconf 89' lang='lat' dir='ltr'>nos</span> <span class='ocrx_word' id='word_1_693' title='bbox 1486 4476 1582 4542; x_wconf 77' lang='lat' dir='ltr'>pratia</span> <span class='ocrx_word' id='word_1_694' title='bbox 1607 4475 1665 4527; x_wconf 86' lang='lat' dir='ltr'>Dei</span> <span class='ocrx_word' id='word_1_695' title='bbox 1686 4475 1886 4543; x_wconf 86' lang='lat' dir='ltr'>praedicanda</span> <span class='ocrx_word' id='word_1_696' title='bbox 1911 4479 1958 4525; x_wconf 86' lang='lat' dir='ltr'>est.</span> <span class='ocrx_word' id='word_1_697' title='bbox 2002 4473 2068 4525; x_wconf 89' lang='lat' dir='ltr'>Non</span> <span class='ocrx_word' id='word_1_698' title='bbox 2095 4475 2161 4528; x_wconf 85' lang='lat' dir='ltr'>idea</span> 
     </span>
     <span class='ocr_line' id='line_1_47' title="bbox 459 4559 2160 4632; baseline -0.003 -14"><span class='ocrx_word' id='word_1_699' title='bbox 459 4562 546 4630; x_wconf 90' lang='lat' dir='ltr'>tione,</span> <span class='ocrx_word' id='word_1_700' title='bbox 575 4579 631 4632; x_wconf 84' lang='lat' dir='ltr'>qua</span> <span class='ocrx_word' id='word_1_701' title='bbox 654 4563 690 4617; x_wconf 93' lang='lat' dir='ltr'>de</span> <span class='ocrx_word' id='word_1_702' title='bbox 716 4579 745 4616; x_wconf 90' lang='lat' dir='ltr'>re</span> <span class='ocrx_word' id='word_1_703' title='bbox 769 4577 819 4615; x_wconf 89' lang='lat' dir='ltr'>suo</span> <span class='ocrx_word' id='word_1_704' title='bbox 842 4561 911 4617; x_wconf 89' lang='lat' dir='ltr'>loco.</span> <span class='ocrx_word' id='word_1_705' title='bbox 954 4560 1088 4616; x_wconf 90' lang='lat' dir='ltr'>Homines</span> <span class='ocrx_word' id='word_1_706' title='bbox 1108 4579 1163 4616; x_wconf 92' lang='lat' dir='ltr'>non</span> <span class='ocrx_word' id='word_1_707' title='bbox 1187 4573 1297 4619; x_wconf 81' lang='lat' dir='ltr'>renatos</span> <span class='ocrx_word' id='word_1_708' title='bbox 1322 4570 1432 4614; x_wconf 87' lang='lat' dir='ltr'>tantum</span> <span class='ocrx_word' id='word_1_709' title='bbox 1461 4561 1636 4629; x_wconf 80' lang='lat' dir='ltr'>adjutorium</span> <span class='ocrx_word' id='word_1_710' title='bbox 1665 4561 1779 4613; x_wconf 84' lang='lat' dir='ltr'>diuinae</span> <span class='ocrx_word' id='word_1_711' title='bbox 1806 4560 1918 4627; x_wconf 84' lang='lat' dir='ltr'>pretias</span> <span class='ocrx_word' id='word_1_712' title='bbox 1944 4559 2160 4627; x_wconf 73' lang='lat' dir='ltr'>commendemir,</span> 
     </span>
     <span class='ocr_line' id='line_1_48' title="bbox 463 4645 2161 4719; baseline 0.001 -17"><span class='ocrx_word' id='word_1_713' title='bbox 463 4655 550 4704; x_wconf 89' lang='lat' dir='ltr'>semet</span> <span class='ocrx_word' id='word_1_714' title='bbox 561 4648 636 4718; x_wconf 88' lang='lat' dir='ltr'>ipsos</span> <span class='ocrx_word' id='word_1_715' title='bbox 652 4648 752 4715; x_wconf 83' lang='lat' dir='ltr'>iacere,</span> <span class='ocrx_word' id='word_1_716' title='bbox 769 4646 821 4701; x_wconf 92' lang='lat' dir='ltr'>hoc</span> <span class='ocrx_word' id='word_1_717' title='bbox 836 4653 885 4710; x_wconf 85' lang='lat' dir='ltr'>est,</span> <span class='ocrx_word' id='word_1_718' title='bbox 904 4654 991 4701; x_wconf 87' lang='lat' dir='ltr'>semet</span> <span class='ocrx_word' id='word_1_719' title='bbox 1006 4648 1080 4716; x_wconf 89' lang='lat' dir='ltr'>ipsos</span> <span class='ocrx_word' id='word_1_720' title='bbox 1093 4648 1296 4719; x_wconf 88' lang='lat' dir='ltr'>quodammodo</span> <span class='ocrx_word' id='word_1_721' title='bbox 1323 4649 1390 4716; x_wconf 75' lang='lat' dir='ltr'>quia</span> <span class='ocrx_word' id='word_1_722' title='bbox 1416 4647 1634 4717; x_wconf 82' lang='lat' dir='ltr'>possibilitatem</span> <span class='ocrx_word' id='word_1_723' title='bbox 1667 4648 1785 4715; x_wconf 67' lang='lat' dir='ltr'>adjaceat</span> <span class='ocrx_word' id='word_1_724' title='bbox 1814 4645 1981 4698; x_wconf 71' lang='lat' dir='ltr'>naturalem·</span> <span class='ocrx_word' id='word_1_725' title='bbox 2035 4646 2161 4700; x_wconf 65' lang='lat' dir='ltr'>Desinat</span> 
     </span>
     <span class='ocr_line' id='line_1_49' title="bbox 460 4731 2160 4806; baseline -0.001 -16"><span class='ocrx_word' id='word_1_726' title='bbox 460 4751 625 4806; x_wconf 77' lang='lat' dir='ltr'>regenerare</span> <span class='ocrx_word' id='word_1_727' title='bbox 650 4733 695 4787; x_wconf 91' lang='lat' dir='ltr'>vel</span> <span class='ocrx_word' id='word_1_728' title='bbox 712 4739 789 4788; x_wconf 88' lang='lat' dir='ltr'>certe</span> <span class='ocrx_word' id='word_1_729' title='bbox 814 4733 849 4788; x_wconf 89' lang='lat' dir='ltr'>ad</span> <span class='ocrx_word' id='word_1_730' title='bbox 869 4733 1105 4804; x_wconf 88' lang='lat' dir='ltr'>regenerationem</span> <span class='ocrx_word' id='word_1_731' title='bbox 1123 4752 1297 4805; x_wconf 77' lang='lat' dir='ltr'>praeparare,</span> <span class='ocrx_word' id='word_1_732' title='bbox 1322 4735 1458 4802; x_wconf 79' lang='lat' dir='ltr'>Pelopiae</span> <span class='ocrx_word' id='word_1_733' title='bbox 1470 4734 1572 4799; x_wconf 79' lang='lat' dir='ltr'>dicere,</span> <span class='ocrx_word' id='word_1_734' title='bbox 1591 4734 1669 4801; x_wconf 73' lang='lat' dir='ltr'>quod</span> <span class='ocrx_word' id='word_1_735' title='bbox 1682 4750 1830 4801; x_wconf 85' lang='lat' dir='ltr'>possumus</span> <span class='ocrx_word' id='word_1_736' title='bbox 1843 4748 1922 4785; x_wconf 89' lang='lat' dir='ltr'>omne</span> <span class='ocrx_word' id='word_1_737' title='bbox 1936 4731 2036 4784; x_wconf 80' lang='lat' dir='ltr'>bonum</span> <span class='ocrx_word' id='word_1_738' title='bbox 2049 4732 2160 4801; x_wconf 83' lang='lat' dir='ltr'>faeere,</span> 
     </span>
     <span class='ocr_line' id='line_1_50' title="bbox 460 4818 2160 4893; baseline -0.002 -17"><span class='ocrx_word' id='word_1_739' title='bbox 460 4822 544 4893; x_wconf 84' lang='lat' dir='ltr'>longe</span> <span class='ocrx_word' id='word_1_740' title='bbox 561 4821 710 4876; x_wconf 84' lang='lat' dir='ltr'>absurdius</span> <span class='ocrx_word' id='word_1_741' title='bbox 728 4826 782 4887; x_wconf 89' lang='lat' dir='ltr'>est,</span> <span class='ocrx_word' id='word_1_742' title='bbox 807 4837 889 4891; x_wconf 90' lang='lat' dir='ltr'>quam</span> <span class='ocrx_word' id='word_1_743' title='bbox 917 4820 938 4873; x_wconf 92' lang='lat' dir='ltr'>si</span> <span class='ocrx_word' id='word_1_744' title='bbox 964 4819 1132 4890; x_wconf 89' lang='lat' dir='ltr'>quisdicat,</span> <span class='ocrx_word' id='word_1_745' title='bbox 1161 4821 1295 4877; x_wconf 88' lang='lat' dir='ltr'>infantem</span> <span class='ocrx_word' id='word_1_746' title='bbox 1323 4823 1430 4883; x_wconf 85' lang='lat' dir='ltr'>dicere,</span> <span class='ocrx_word' id='word_1_747' title='bbox 1455 4820 1594 4888; x_wconf 81' lang='lat' dir='ltr'>copitare,</span> <span class='ocrx_word' id='word_1_748' title='bbox 1622 4819 1702 4872; x_wconf 85' lang='lat' dir='ltr'>iliius</span> <span class='ocrx_word' id='word_1_749' title='bbox 1720 4826 1772 4883; x_wconf 90' lang='lat' dir='ltr'>est,</span> <span class='ocrx_word' id='word_1_750' title='bbox 1794 4818 1845 4887; x_wconf 81' lang='lat' dir='ltr'>qni</span> <span class='ocrx_word' id='word_1_751' title='bbox 1860 4818 1911 4871; x_wconf 80' lang='lat' dir='ltr'>troc</span> <span class='ocrx_word' id='word_1_752' title='bbox 1929 4833 2013 4885; x_wconf 86' lang='lat' dir='ltr'>posse</span> <span class='ocrx_word' id='word_1_753' title='bbox 2030 4818 2160 4887; x_wconf 72' lang='lat' dir='ltr'>nomeu,</span> 
     </span>
     <span class='ocr_line' id='line_1_51' title="bbox 460 4903 2160 4980; baseline -0.003 -17"><span class='ocrx_word' id='word_1_754' title='bbox 460 4907 490 4963; x_wconf 90' lang='lat' dir='ltr'>in</span> <span class='ocrx_word' id='word_1_755' title='bbox 507 4915 588 4963; x_wconf 86' lang='lat' dir='ltr'>utero</span> <span class='ocrx_word' id='word_1_756' title='bbox 607 4924 637 4962; x_wconf 86' lang='lat' dir='ltr'>ee</span> <span class='ocrx_word' id='word_1_757' title='bbox 654 4908 745 4979; x_wconf 88' lang='lat' dir='ltr'>ipsum</span> <span class='ocrx_word' id='word_1_758' title='bbox 769 4906 806 4961; x_wconf 86' lang='lat' dir='ltr'>ad</span> <span class='ocrx_word' id='word_1_759' title='bbox 829 4906 900 4960; x_wconf 86' lang='lat' dir='ltr'>hauc</span> <span class='ocrx_word' id='word_1_760' title='bbox 922 4905 1007 4960; x_wconf 86' lang='lat' dir='ltr'>vitam</span> <span class='ocrx_word' id='word_1_761' title='bbox 1030 4905 1156 4962; x_wconf 84' lang='lat' dir='ltr'>formare.</span> <span class='ocrx_word' id='word_1_762' title='bbox 1175 4908 1294 4980; x_wconf 85' lang='lat' dir='ltr'>August.</span> <span class='ocrx_word' id='word_1_763' title='bbox 1323 4910 1399 4976; x_wconf 75' lang='lat' dir='ltr'>qnod</span> <span class='ocrx_word' id='word_1_764' title='bbox 1421 4923 1485 4961; x_wconf 82' lang='lat' dir='ltr'>uero</span> <span class='ocrx_word' id='word_1_765' title='bbox 1505 4907 1570 4959; x_wconf 80' lang='lat' dir='ltr'>bene</span> <span class='ocrx_word' id='word_1_766' title='bbox 1590 4906 1633 4958; x_wconf 87' lang='lat' dir='ltr'>vei</span> <span class='ocrx_word' id='word_1_767' title='bbox 1658 4907 1731 4959; x_wconf 86' lang='lat' dir='ltr'>mule</span> <span class='ocrx_word' id='word_1_768' title='bbox 1755 4906 1865 4971; x_wconf 80' lang='lat' dir='ltr'>opimus</span> <span class='ocrx_word' id='word_1_769' title='bbox 1887 4903 1931 4956; x_wconf 86' lang='lat' dir='ltr'>uel</span> <span class='ocrx_word' id='word_1_770' title='bbox 1949 4903 2092 4972; x_wconf 73' lang='lat' dir='ltr'>loquimur</span> <span class='ocrx_word' id='word_1_771' title='bbox 2113 4905 2160 4958; x_wconf 86' lang='lat' dir='ltr'>uei</span> 
     </span>
     <span class='ocr_line' id='line_1_52' title="bbox 460 4988 2162 5065; baseline -0.001 -19"><span class='ocrx_word' id='word_1_772' title='bbox 460 4992 496 5048; x_wconf 89' lang='lat' dir='ltr'>de</span> <span class='ocrx_word' id='word_1_773' title='bbox 513 4994 589 5049; x_wconf 80' lang='lat' dir='ltr'>verb.</span> <span class='ocrx_word' id='word_1_774' title='bbox 607 5001 694 5063; x_wconf 88' lang='lat' dir='ltr'>apost.</span> <span class='ocrx_word' id='word_1_775' title='bbox 713 5009 793 5048; x_wconf 89' lang='lat' dir='ltr'>serm.</span> <span class='ocrx_word' id='word_1_776' title='bbox 816 4997 861 5048; x_wconf 86' lang='lat'>10:</span> <span class='ocrx_word' id='word_1_777' title='bbox 881 4991 1031 5045; x_wconf 84' lang='lat' dir='ltr'>Ploremue</span> <span class='ocrx_word' id='word_1_778' title='bbox 1049 5009 1145 5045; x_wconf 89' lang='lat' dir='ltr'>coram</span> <span class='ocrx_word' id='word_1_779' title='bbox 1164 4995 1296 5065; x_wconf 87' lang='lat' dir='ltr'>Domino,</span> <span class='ocrx_word' id='word_1_780' title='bbox 1323 4994 1485 5062; x_wconf 75' lang='lat' dir='ltr'>copitamns,</span> <span class='ocrx_word' id='word_1_781' title='bbox 1503 5000 1629 5045; x_wconf 82' lang='lat' dir='ltr'>nostrrrm</span> <span class='ocrx_word' id='word_1_782' title='bbox 1642 4999 1690 5060; x_wconf 86' lang='lat' dir='ltr'>est,</span> <span class='ocrx_word' id='word_1_783' title='bbox 1710 4993 1828 5059; x_wconf 84' lang='lat' dir='ltr'>desinat,</span> <span class='ocrx_word' id='word_1_784' title='bbox 1847 4991 1970 5059; x_wconf 72' lang='lat' dir='ltr'>inpiam,</span> <span class='ocrx_word' id='word_1_785' title='bbox 1988 4988 2046 5043; x_wconf 87' lang='lat' dir='ltr'>ista</span> <span class='ocrx_word' id='word_1_786' title='bbox 2055 4991 2162 5062; x_wconf 83' lang='lat' dir='ltr'>dicere,</span> 
     </span>
     <span class='ocr_line' id='line_1_53' title="bbox 459 5077 2163 5146; baseline -0.002 -13"><span class='ocrx_word' id='word_1_787' title='bbox 459 5080 509 5146; x_wconf 76' lang='lat' dir='ltr'>ons·</span> <span class='ocrx_word' id='word_1_788' title='bbox 525 5080 595 5144; x_wconf 75' lang='lat' dir='ltr'>fecit</span> <span class='ocrx_word' id='word_1_789' title='bbox 613 5098 664 5134; x_wconf 89' lang='lat' dir='ltr'>nos</span> <span class='ocrx_word' id='word_1_790' title='bbox 682 5086 709 5133; x_wconf 90' lang='lat' dir='ltr'>et</span> <span class='ocrx_word' id='word_1_791' title='bbox 726 5078 850 5133; x_wconf 75' lang='lat' dir='ltr'>domines</span> <span class='ocrx_word' id='word_1_792' title='bbox 868 5085 894 5131; x_wconf 91' lang='lat' dir='ltr'>et</span> <span class='ocrx_word' id='word_1_793' title='bbox 913 5078 1013 5131; x_wconf 84' lang='lat' dir='ltr'>seiros.</span> <span class='ocrx_word' id='word_1_794' title='bbox 1042 5079 1119 5131; x_wconf 87' lang='lat' dir='ltr'>Nam</span> <span class='ocrx_word' id='word_1_795' title='bbox 1136 5080 1164 5131; x_wconf 87' lang='lat' dir='ltr'>ei</span> <span class='ocrx_word' id='word_1_796' title='bbox 1181 5081 1232 5136; x_wconf 84' lang='lat' dir='ltr'>ilie</span> <span class='ocrx_word' id='word_1_797' title='bbox 1244 5099 1296 5138; x_wconf 74' lang='lat' dir='ltr'>aar</span> <span class='ocrx_word' id='word_1_798' title='bbox 1321 5098 1379 5134; x_wconf 91' lang='lat' dir='ltr'>non</span> <span class='ocrx_word' id='word_1_799' title='bbox 1399 5079 1489 5133; x_wconf 85' lang='lat' dir='ltr'>satum</span> <span class='ocrx_word' id='word_1_800' title='bbox 1509 5079 1581 5131; x_wconf 88' lang='lat' dir='ltr'>enim</span> <span class='ocrx_word' id='word_1_801' title='bbox 1599 5079 1679 5131; x_wconf 85' lang='lat' dir='ltr'>Deus</span> <span class='ocrx_word' id='word_1_802' title='bbox 1693 5094 1777 5146; x_wconf 84' lang='lat' dir='ltr'>posse</span> <span class='ocrx_word' id='word_1_803' title='bbox 1796 5084 1921 5131; x_wconf 79' lang='lat' dir='ltr'>nostmrm</span> <span class='ocrx_word' id='word_1_804' title='bbox 1938 5077 2055 5130; x_wconf 76' lang='lat' dir='ltr'>donamt</span> <span class='ocrx_word' id='word_1_805' title='bbox 2073 5084 2163 5146; x_wconf 71' lang='lat' dir='ltr'>atque</span> 
     </span>
    </p>

    <p class='ocr_par' dir='ltr' id='par_1_4' title="bbox 449 5162 2207 5840">
     <span class='ocr_line' id='line_1_54' title="bbox 451 5162 2207 5237; baseline 0.001 -20"><span class='ocrx_word' id='word_1_806' title='bbox 451 5166 526 5231; x_wconf 80' lang='lat' dir='ltr'>jecit</span> <span class='ocrx_word' id='word_1_807' title='bbox 541 5166 681 5228; x_wconf 83' lang='lat' dir='ltr'>immines,</span> <span class='ocrx_word' id='word_1_808' title='bbox 707 5182 758 5217; x_wconf 86' lang='lat' dir='ltr'>nos</span> <span class='ocrx_word' id='word_1_809' title='bbox 785 5174 876 5217; x_wconf 88' lang='lat' dir='ltr'>autem</span> <span class='ocrx_word' id='word_1_810' title='bbox 900 5162 958 5232; x_wconf 88' lang='lat' dir='ltr'>ipsi</span> <span class='ocrx_word' id='word_1_811' title='bbox 981 5181 1031 5217; x_wconf 83' lang='lat' dir='ltr'>noe</span> <span class='ocrx_word' id='word_1_812' title='bbox 1050 5165 1174 5229; x_wconf 82' lang='lat' dir='ltr'>fecimus</span> <span class='ocrx_word' id='word_1_813' title='bbox 1193 5166 1296 5237; x_wconf 57' lang='lat' dir='ltr'>saluom</span> <span class='ocrx_word' id='word_1_814' title='bbox 1322 5166 1452 5234; x_wconf 73' lang='lat' dir='ltr'>adiuuat,</span> <span class='ocrx_word' id='word_1_815' title='bbox 1470 5165 1614 5219; x_wconf 84' lang='lat' dir='ltr'>sedetiam</span> <span class='ocrx_word' id='word_1_816' title='bbox 1626 5164 1735 5218; x_wconf 81' lang='lat' dir='ltr'>scilcet</span> <span class='ocrx_word' id='word_1_817' title='bbox 1753 5164 1869 5232; x_wconf 88' lang='lat' dir='ltr'>operari</span> <span class='ocrx_word' id='word_1_818' title='bbox 1882 5171 2016 5231; x_wconf 85' lang='lat' dir='ltr'>operatur</span> <span class='ocrx_word' id='word_1_819' title='bbox 2027 5162 2058 5214; x_wconf 89' lang='lat' dir='ltr'>in</span> <span class='ocrx_word' id='word_1_820' title='bbox 2068 5164 2162 5232; x_wconf 69' lang='lat' dir='ltr'>noan,</span> <span class='ocrx_word' id='word_1_821' title='bbox 2176 5181 2207 5229; x_wconf 73' lang='lat' dir='ltr'>v,</span> 
     </span>
     <span class='ocr_line' id='line_1_55' title="bbox 458 5248 2165 5321; baseline 0.001 -19"><span class='ocrx_word' id='word_1_822' title='bbox 458 5250 573 5319; x_wconf 75' lang='lat' dir='ltr'>alr&#39;puid</span> <span class='ocrx_word' id='word_1_823' title='bbox 601 5251 652 5306; x_wconf 86' lang='lat' dir='ltr'>iilo</span> <span class='ocrx_word' id='word_1_824' title='bbox 677 5252 777 5305; x_wconf 88' lang='lat' dir='ltr'>melius</span> <span class='ocrx_word' id='word_1_825' title='bbox 790 5250 924 5317; x_wconf 82' lang='lat' dir='ltr'>fecimus.</span> <span class='ocrx_word' id='word_1_826' title='bbox 962 5249 1070 5304; x_wconf 84' lang='lat' dir='ltr'>Melior</span> <span class='ocrx_word' id='word_1_827' title='bbox 1091 5260 1130 5304; x_wconf 88' lang='lat' dir='ltr'>est</span> <span class='ocrx_word' id='word_1_828' title='bbox 1149 5252 1222 5306; x_wconf 89' lang='lat' dir='ltr'>enim</span> <span class='ocrx_word' id='word_1_829' title='bbox 1238 5253 1295 5307; x_wconf 85' lang='lat' dir='ltr'>sai·</span> <span class='ocrx_word' id='word_1_830' title='bbox 1321 5270 1379 5305; x_wconf 92' lang='lat' dir='ltr'>non</span> <span class='ocrx_word' id='word_1_831' title='bbox 1399 5251 1466 5321; x_wconf 81' lang='lat' dir='ltr'>quia</span> <span class='ocrx_word' id='word_1_832' title='bbox 1484 5268 1535 5304; x_wconf 91' lang='lat' dir='ltr'>nos</span> <span class='ocrx_word' id='word_1_833' title='bbox 1553 5268 1610 5303; x_wconf 90' lang='lat' dir='ltr'>non</span> <span class='ocrx_word' id='word_1_834' title='bbox 1625 5250 1752 5304; x_wconf 77' lang='lat' dir='ltr'>uolumus</span> <span class='ocrx_word' id='word_1_835' title='bbox 1764 5258 1813 5303; x_wconf 82' lang='lat' dir='ltr'>aret</span> <span class='ocrx_word' id='word_1_836' title='bbox 1831 5266 1883 5302; x_wconf 86' lang='lat' dir='ltr'>nas</span> <span class='ocrx_word' id='word_1_837' title='bbox 1900 5266 1956 5302; x_wconf 90' lang='lat' dir='ltr'>non</span> <span class='ocrx_word' id='word_1_838' title='bbox 1973 5248 2091 5314; x_wconf 67' lang='grc' dir='ltr'>αρίεειιε,</span> <span class='ocrx_word' id='word_1_839' title='bbox 2109 5249 2165 5304; x_wconf 80' lang='lat' dir='ltr'>aed</span> 
     </span>
     <span class='ocr_line' id='line_1_56' title="bbox 456 5335 2165 5408; baseline 0.001 -20"><span class='ocrx_word' id='word_1_840' title='bbox 456 5352 506 5388; x_wconf 81' lang='lat' dir='ltr'>rus</span> <span class='ocrx_word' id='word_1_841' title='bbox 531 5336 627 5403; x_wconf 74' lang='lat' dir='ltr'>bomo,</span> <span class='ocrx_word' id='word_1_842' title='bbox 654 5354 738 5405; x_wconf 75' lang='lat' dir='ltr'>pram</span> <span class='ocrx_word' id='word_1_843' title='bbox 764 5337 881 5408; x_wconf 71' lang='lat' dir='ltr'>quilibet</span> <span class='ocrx_word' id='word_1_844' title='bbox 903 5336 992 5390; x_wconf 79' lang='lat' dir='ltr'>homo.</span> <span class='ocrx_word' id='word_1_845' title='bbox 1030 5336 1064 5389; x_wconf 78' lang='lat' dir='ltr'>si</span> <span class='ocrx_word' id='word_1_846' title='bbox 1085 5354 1152 5405; x_wconf 77' lang='lat' dir='ltr'>erpo</span> <span class='ocrx_word' id='word_1_847' title='bbox 1169 5345 1196 5390; x_wconf 92' lang='lat' dir='ltr'>te</span> <span class='ocrx_word' id='word_1_848' title='bbox 1215 5340 1296 5394; x_wconf 84' lang='lat' dir='ltr'>Deus</span> <span class='ocrx_word' id='word_1_849' title='bbox 1322 5339 1390 5407; x_wconf 71' lang='lat' dir='ltr'>quia</span> <span class='ocrx_word' id='word_1_850' title='bbox 1408 5338 1467 5390; x_wconf 88' lang='lat' dir='ltr'>sine</span> <span class='ocrx_word' id='word_1_851' title='bbox 1486 5337 1575 5406; x_wconf 83' lang='lat' dir='ltr'>ipsius</span> <span class='ocrx_word' id='word_1_852' title='bbox 1592 5335 1739 5405; x_wconf 80' lang='lat' dir='ltr'>adjutorio</span> <span class='ocrx_word' id='word_1_853' title='bbox 1759 5353 1808 5390; x_wconf 90' lang='lat' dir='ltr'>nec</span> <span class='ocrx_word' id='word_1_854' title='bbox 1825 5335 2076 5404; x_wconf 70' lang='lat' dir='ltr'>volumusaiiquid</span> <span class='ocrx_word' id='word_1_855' title='bbox 2095 5335 2165 5390; x_wconf 78' lang='lat' dir='ltr'>bost</span> 
     </span>
     <span class='ocr_line' id='line_1_57' title="bbox 449 5419 2163 5495; baseline 0.002 -22"><span class='ocrx_word' id='word_1_856' title='bbox 449 5422 526 5488; x_wconf 86' lang='lat' dir='ltr'>fecit</span> <span class='ocrx_word' id='word_1_857' title='bbox 552 5421 703 5489; x_wconf 71' lang='lat' dir='ltr'>bominem,</span> <span class='ocrx_word' id='word_1_858' title='bbox 734 5431 760 5476; x_wconf 89' lang='lat' dir='ltr'>et</span> <span class='ocrx_word' id='word_1_859' title='bbox 788 5431 820 5476; x_wconf 89' lang='lat' dir='ltr'>tu</span> <span class='ocrx_word' id='word_1_860' title='bbox 849 5431 875 5477; x_wconf 90' lang='lat' dir='ltr'>te</span> <span class='ocrx_word' id='word_1_861' title='bbox 900 5421 998 5488; x_wconf 65' lang='lat' dir='ltr'>secuti</span> <span class='ocrx_word' id='word_1_862' title='bbox 1023 5424 1122 5476; x_wconf 83' lang='lat' dir='ltr'>honum</span> <span class='ocrx_word' id='word_1_863' title='bbox 1149 5424 1301 5495; x_wconf 79' lang='lat' dir='ltr'>nominem,</span> <span class='ocrx_word' id='word_1_864' title='bbox 1323 5441 1373 5477; x_wconf 87' lang='lat' dir='ltr'>neo</span> <span class='ocrx_word' id='word_1_865' title='bbox 1390 5424 1506 5491; x_wconf 79' lang='lat' dir='ltr'>opimus.</span> <span class='ocrx_word' id='word_1_866' title='bbox 1543 5421 1623 5475; x_wconf 92' lang='lat' dir='ltr'>Idem</span> <span class='ocrx_word' id='word_1_867' title='bbox 1646 5427 1668 5476; x_wconf 88' lang='lat' dir='ltr'>t.</span> <span class='ocrx_word' id='word_1_868' title='bbox 1692 5420 1728 5476; x_wconf 85' lang='lat' dir='ltr'>tie</span> <span class='ocrx_word' id='word_1_869' title='bbox 1749 5429 1820 5492; x_wconf 81' lang='lat' dir='ltr'>grat</span> <span class='ocrx_word' id='word_1_870' title='bbox 1840 5420 1942 5476; x_wconf 83' lang='lat' dir='ltr'>Christi</span> <span class='ocrx_word' id='word_1_871' title='bbox 1960 5427 2058 5475; x_wconf 79' lang='lat' dir='ltr'>contsa</span> <span class='ocrx_word' id='word_1_872' title='bbox 2075 5419 2163 5477; x_wconf 86' lang='lat' dir='ltr'>Pela-</span> 
     </span>
     <span class='ocr_line' id='line_1_58' title="bbox 457 5507 2165 5582; baseline 0.002 -23"><span class='ocrx_word' id='word_1_873' title='bbox 457 5509 536 5577; x_wconf 78' lang='lat' dir='ltr'>qnod</span> <span class='ocrx_word' id='word_1_874' title='bbox 553 5516 583 5561; x_wconf 87' lang='lat' dir='ltr'>tn</span> <span class='ocrx_word' id='word_1_875' title='bbox 602 5507 714 5576; x_wconf 74' lang='lat' dir='ltr'>fecisti,</span> <span class='ocrx_word' id='word_1_876' title='bbox 732 5509 829 5562; x_wconf 85' lang='lat' dir='ltr'>meiius</span> <span class='ocrx_word' id='word_1_877' title='bbox 848 5518 896 5565; x_wconf 89' lang='lat' dir='ltr'>eet.</span> <span class='ocrx_word' id='word_1_878' title='bbox 932 5510 1047 5564; x_wconf 82' lang='lat' dir='ltr'>Nolite</span> <span class='ocrx_word' id='word_1_879' title='bbox 1065 5511 1194 5565; x_wconf 75' lang='lat' dir='ltr'>estoliere</span> <span class='ocrx_word' id='word_1_880' title='bbox 1212 5529 1297 5582; x_wconf 88' lang='lat' dir='ltr'>super</span> <span class='ocrx_word' id='word_1_881' title='bbox 1324 5510 1400 5582; x_wconf 79' lang='lat' dir='ltr'>gium</span> <span class='ocrx_word' id='word_1_882' title='bbox 1427 5517 1455 5564; x_wconf 91' lang='lat' dir='ltr'>et</span> <span class='ocrx_word' id='word_1_883' title='bbox 1479 5508 1630 5565; x_wconf 77' lang='lat' dir='ltr'>celestium</span> <span class='ocrx_word' id='word_1_884' title='bbox 1657 5524 1681 5562; x_wconf 93' lang='lat' dir='ltr'>c.</span> <span class='ocrx_word' id='word_1_885' title='bbox 1708 5514 1756 5563; x_wconf 78' lang='lat'>25:</span> <span class='ocrx_word' id='word_1_886' title='bbox 1790 5508 1824 5561; x_wconf 87' lang='lat' dir='ltr'>Ut</span> <span class='ocrx_word' id='word_1_887' title='bbox 1849 5508 1965 5562; x_wconf 83' lang='lat' dir='ltr'>uelimus</span> <span class='ocrx_word' id='word_1_888' title='bbox 1991 5508 2052 5562; x_wconf 79' lang='lat' dir='ltr'>siue</span> <span class='ocrx_word' id='word_1_889' title='bbox 2078 5509 2165 5563; x_wconf 76' lang='lat' dir='ltr'>nobs&#39;s</span> 
     </span>
     <span class='ocr_line' id='line_1_59' title="bbox 458 5593 2164 5664; baseline -0.001 -14"><span class='ocrx_word' id='word_1_890' title='bbox 458 5594 562 5662; x_wconf 85' lang='lat' dir='ltr'>Deum,</span> <span class='ocrx_word' id='word_1_891' title='bbox 585 5594 722 5662; x_wconf 85' lang='lat' dir='ltr'>confitere,</span> <span class='ocrx_word' id='word_1_892' title='bbox 740 5593 787 5647; x_wconf 86' lang='lat' dir='ltr'>ilii</span> <span class='ocrx_word' id='word_1_893' title='bbox 803 5595 854 5662; x_wconf 83' lang='lat' dir='ltr'>qni</span> <span class='ocrx_word' id='word_1_894' title='bbox 862 5595 938 5661; x_wconf 84' lang='lat' dir='ltr'>fecit</span> <span class='ocrx_word' id='word_1_895' title='bbox 956 5603 990 5663; x_wconf 89' lang='lat' dir='ltr'>te,</span> <span class='ocrx_word' id='word_1_896' title='bbox 1009 5596 1296 5664; x_wconf 74' lang='lat' dir='ltr'>prrianemorecreat,</span> <span class='ocrx_word' id='word_1_897' title='bbox 1323 5599 1354 5651; x_wconf 92' lang='lat' dir='ltr'>in</span> <span class='ocrx_word' id='word_1_898' title='bbox 1372 5598 1452 5651; x_wconf 76' lang='lat' dir='ltr'>nrrbis</span> <span class='ocrx_word' id='word_1_899' title='bbox 1472 5602 1620 5664; x_wconf 87' lang='lat' dir='ltr'>operatur,</span> <span class='ocrx_word' id='word_1_900' title='bbox 1644 5613 1706 5648; x_wconf 88' lang='lat' dir='ltr'>cum</span> <span class='ocrx_word' id='word_1_901' title='bbox 1726 5602 1818 5647; x_wconf 90' lang='lat' dir='ltr'>autem</span> <span class='ocrx_word' id='word_1_902' title='bbox 1835 5594 1961 5648; x_wconf 81' lang='lat' dir='ltr'>uolumus</span> <span class='ocrx_word' id='word_1_903' title='bbox 1978 5601 2004 5647; x_wconf 86' lang='lat' dir='ltr'>et</span> <span class='ocrx_word' id='word_1_904' title='bbox 2022 5595 2065 5648; x_wconf 80' lang='lat' dir='ltr'>cic</span> <span class='ocrx_word' id='word_1_905' title='bbox 2082 5595 2164 5648; x_wconf 85' lang='lat' dir='ltr'>uolu-</span> 
     </span>
     <span class='ocr_line' id='line_1_60' title="bbox 455 5680 2164 5752; baseline 0.001 -18"><span class='ocrx_word' id='word_1_906' title='bbox 455 5680 514 5736; x_wconf 67' lang='grc' dir='ltr'>εἰεί</span> <span class='ocrx_word' id='word_1_907' title='bbox 530 5680 582 5752; x_wconf 73' lang='lat' dir='ltr'>qui</span> <span class='ocrx_word' id='word_1_908' title='bbox 598 5686 687 5746; x_wconf 73' lang='lat' dir='ltr'>meat,</span> <span class='ocrx_word' id='word_1_909' title='bbox 704 5696 783 5732; x_wconf 91' lang='lat' dir='ltr'>nemo</span> <span class='ocrx_word' id='word_1_910' title='bbox 797 5681 895 5749; x_wconf 81' lang='lat' dir='ltr'>reficit,</span> <span class='ocrx_word' id='word_1_911' title='bbox 915 5680 974 5734; x_wconf 89' lang='lat' dir='ltr'>nisi</span> <span class='ocrx_word' id='word_1_912' title='bbox 987 5681 1038 5751; x_wconf 81' lang='lat' dir='ltr'>qui</span> <span class='ocrx_word' id='word_1_913' title='bbox 1052 5683 1131 5750; x_wconf 83' lang='lat' dir='ltr'>fecit,</span> <span class='ocrx_word' id='word_1_914' title='bbox 1148 5681 1209 5750; x_wconf 70' lang='lat' dir='ltr'>ipse</span> <span class='ocrx_word' id='word_1_915' title='bbox 1223 5684 1295 5749; x_wconf 76' lang='lat' dir='ltr'>fecit</span> <span class='ocrx_word' id='word_1_916' title='bbox 1322 5702 1391 5752; x_wconf 84' lang='lat' dir='ltr'>mus,</span> <span class='ocrx_word' id='word_1_917' title='bbox 1409 5689 1440 5735; x_wconf 91' lang='lat' dir='ltr'>ut</span> <span class='ocrx_word' id='word_1_918' title='bbox 1451 5683 1608 5751; x_wconf 76' lang='lat' dir='ltr'>sacramus,</span> <span class='ocrx_word' id='word_1_919' title='bbox 1627 5683 1767 5735; x_wconf 84' lang='lat' dir='ltr'>nobiscum</span> <span class='ocrx_word' id='word_1_920' title='bbox 1786 5688 1965 5752; x_wconf 85' lang='lat' dir='ltr'>cooperatur,</span> <span class='ocrx_word' id='word_1_921' title='bbox 1987 5689 2082 5734; x_wconf 84' lang='lat' dir='ltr'>tamea</span> <span class='ocrx_word' id='word_1_922' title='bbox 2098 5683 2164 5735; x_wconf 80' lang='lat' dir='ltr'>eine</span> 
     </span>
     <span class='ocr_line' id='line_1_61' title="bbox 454 5765 2166 5840; baseline 0.004 -21"><span class='ocrx_word' id='word_1_923' title='bbox 454 5784 507 5823; x_wconf 87' lang='lat' dir='ltr'>nos</span> <span class='ocrx_word' id='word_1_924' title='bbox 524 5777 551 5826; x_wconf 83' lang='lat' dir='ltr'>st</span> <span class='ocrx_word' id='word_1_925' title='bbox 575 5785 633 5824; x_wconf 74' lang='lat' dir='ltr'>san</span> <span class='ocrx_word' id='word_1_926' title='bbox 662 5765 721 5836; x_wconf 76' lang='lat' dir='ltr'>spei</span> <span class='ocrx_word' id='word_1_927' title='bbox 737 5781 788 5818; x_wconf 85' lang='lat' dir='ltr'>nos</span> <span class='ocrx_word' id='word_1_928' title='bbox 807 5772 879 5834; x_wconf 85' lang='lat' dir='ltr'>etc.;</span> <span class='ocrx_word' id='word_1_929' title='bbox 902 5774 934 5822; x_wconf 87' lang='lat' dir='ltr'>ut</span> <span class='ocrx_word' id='word_1_930' title='bbox 958 5768 1129 5837; x_wconf 79' lang='lat' dir='ltr'>implorares</span> <span class='ocrx_word' id='word_1_931' title='bbox 1150 5770 1295 5840; x_wconf 81' lang='lat' dir='ltr'>medicum,</span> <span class='ocrx_word' id='word_1_932' title='bbox 1323 5772 1383 5827; x_wconf 81' lang='lat' dir='ltr'>utto</span> <span class='ocrx_word' id='word_1_933' title='bbox 1401 5770 1446 5825; x_wconf 85' lang='lat' dir='ltr'>uel</span> <span class='ocrx_word' id='word_1_934' title='bbox 1466 5778 1617 5840; x_wconf 81' lang='lat' dir='ltr'>operante,</span> <span class='ocrx_word' id='word_1_935' title='bbox 1644 5776 1676 5824; x_wconf 80' lang='lat' dir='ltr'>ut</span> <span class='ocrx_word' id='word_1_936' title='bbox 1693 5767 1820 5840; x_wconf 68' lang='lat' dir='ltr'>mrsu,</span> <span class='ocrx_word' id='word_1_937' title='bbox 1836 5767 1881 5822; x_wconf 82' lang='lat' dir='ltr'>eet</span> <span class='ocrx_word' id='word_1_938' title='bbox 1897 5774 2077 5840; x_wconf 83' lang='lat' dir='ltr'>cooperante,</span> <span class='ocrx_word' id='word_1_939' title='bbox 2098 5785 2166 5826; x_wconf 78' lang='lat' dir='ltr'>cam</span> 
     </span>
    </p>
   </div>
   <div class='ocr_carea' id='block_1_3' title="bbox 0 0 2515 6675">
    <p class='ocr_par' dir='ltr' id='par_1_5' title="bbox 0 0 2515 6675">
     <span class='ocr_line' id='line_1_62' title="bbox 0 0 2515 6675; baseline 0 0"><span class='ocrx_word' id='word_1_940' title='bbox 0 0 2515 6675; x_wconf 95' lang='lat' dir='ltr'> </span> 
     </span>
    </p>
   </div>
  </div>
 </body>
</html>
