5017 6675
937 604 990 663 DE
1009 603 1175 665 IMAGINE
1192 604 1261 664 DEI
1279 607 1321 667 ΙΝ
1337 607 1496 669 noman.
1995 617 2053 679 lbi

366 754 448 828 plana
474 754 624 813 liberasse
643 757 779 830 potuisset
798 760 836 817 ab
860 760 907 817 illo
934 763 1041 833 peccati
1061 762 1202 836 originalis
1230 769 1340 820 tantum
1369 767 1525 838 compositi,
1555 769 1725 841 eandemque
1751 768 1841 823 minua
1866 765 2057 838 principalem,

364 844 443 915 jugo,
459 851 534 899 certe
552 846 676 916 apostolo
691 846 781 902 Paulo
799 847 886 903 electo
898 848 952 904 Dei
970 866 1074 921 organo
1090 849 1118 903 id
1138 866 1201 904 con·
1226 852 1367 908 videlicet·
1385 855 1542 924 materiam,
1567 856 1606 914 ab
1631 872 1663 911 eo
1690 854 1825 911 sortitur?
1856 871 1955 925 eorpus
1982 860 2056 910 certe

365 930 481 1002 tigisset.
514 931 554 986 at
578 949 662 1004 quam
688 935 788 989 misere
811 935 835 990 is
860 935 1008 1007 quiritatur
1030 942 1058 990 et
1072 935 1201 1006 ejulatur.
1226 938 1308 995 homo
1324 956 1379 994 non
1397 948 1446 1010 cst,
1463 942 1512 997 aed
1530 947 1637 997 tantum
1655 959 1720 1013 pars
1745 941 1877 1010 hominis;
1899 942 1957 1011 jam
1979 956 2055 1010 vero,

365 1016 480 1071 Roman.
507 1024 536 1085 1,
562 1036 588 1072 v.
616 1025 660 1075 tt:
696 1021 759 1088 Epo
787 1038 848 1074 eum
873 1022 1001 1076 earnalis
1026 1024 1201 1076 venundatus
1226 1043 1259 1081 ex
1281 1027 1418 1082 sententia
1440 1028 1601 1083 Bellarmini
1625 1029 1715 1084 solum
1738 1045 1851 1098 eorpus,
1884 1043 1938 1081 non
1963 1034 2056 1083 autem

366 1104 414 1157 rub
428 1113 589 1172 peecatum,
605 1123 631 1159 v.
653 1112 696 1161 17:
713 1107 833 1161 Habitat
848 1108 932 1162 inme
942 1117 1096 1178 peccatum.
1115 1112 1199 1163 nti:
1225 1111 1319 1166 anima
1343 1113 1518 1182 ‘posterorum
1534 1131 1579 1170 ·ex
1613 1115 1723 1169 Adamo
1752 1113 1885 1178 trahitur,
1920 1111 2056 1184 quomodo
2161 1133 2164 1140 ·

369 1191 457 1245 Video
475 1191 565 1244 aliam
592 1192 681 1260 lepem
705 1193 736 1246 in
762 1192 891 1248 mernlrrs
913 1195 983 1248 meir
1000 1202 1291 1271 repupnantem,ergo
1318 1215 1368 1269 per
1395 1215 1489 1254 veram
1515 1199 1722 1271 generationem
1749 1199 1852 1270 posteri
1881 1200 1917 1254 ab
1945 1199 2054 1254 Adamo

262 1276 351 1318 M?-
364 1278 422 1346 lapi
437 1279 537 1331 mentia
553 1296 638 1333 meae.
667 1296 693 1333 r.
711 1284 756 1337 24:
784 1281 878 1349 Miser
898 1298 948 1348 epo
965 1282 1059 1346 homo,
1079 1275 1141 1351 qna
1156 1299 1199 1335 me
1225 1282 1417 1340 descendunt?
1432 1330 1438 1353 ,
1453 1285 1672 1358 uniuscujusque
1699 1285 1740 1340 rei
1769 1303 1869 1340 nomen
1898 1285 1987 1356 primo
2021 1300 2055 1339 aa

368 1363 499 1417 &beabit
517 1383 536 1417 a
554 1381 671 1434 corpore
689 1366 786 1419 mortio
803 1366 911 1435 iujai!
1224 1371 1335 1442 proprie
1373 1370 1478 1427 formae
1514 1373 1581 1446 ipsi,
1619 1373 1782 1429 secundario
1817 1389 1895 1441 vero,
1931 1378 1959 1426 et
1994 1388 2055 1442 pro·

257 1446 341 1549 m·
403 1454 460 1505 ¹28.
496 1449 640 1515 Quomodo
663 1467 730 1506 vero
753 1451 846 1507 anima
869 1458 983 1522 peccato
1007 1451 1134 1524 originali
1151 1452 1199 1508 ob·
1224 1464 1286 1527 pter
1317 1456 1390 1512 hane
1421 1458 1485 1527 toti,
1517 1459 1546 1514 id
1576 1465 1632 1529 est,
1667 1458 1838 1514 substantiae
1872 1475 1905 1513 ex
1940 1457 2057 1512 materia

257 1553 327 1599 „aaa
366 1535 449 1590 noxia
466 1536 527 1603 erit,
546 1537 569 1589 si
588 1536 745 1593 immediate
764 1554 783 1592 a
800 1537 862 1593 Deo
880 1545 1003 1607 creatur,
1030 1556 1086 1593 non
1104 1545 1199 1594 autem
1222 1543 1368 1614 formaque
1395 1544 1563 1615 compositae
1592 1546 1730 1601 tribuitur.
1776 1553 1799 1601 7.
1825 1543 1946 1615 Metaph.
1978 1562 2003 1600 c.
2030 1548 2055 1598 3.

257 1603 337 1694 ffl'
365 1639 399 1677 ex
413 1620 516 1677 Adami
534 1622 627 1677 anima
643 1623 834 1695 propagatur?
867 1624 1050 1700 Bellarminus
1063 1625 1097 1680 de
1109 1625 1200 1697 gratia
1224 1627 1346 1683 Proinde
1362 1631 1385 1684 si
1405 1631 1497 1685 anima
1515 1637 1639 1695 creatur,
1665 1648 1727 1686 caro
1751 1637 1859 1687 tantum
1875 1635 2055 1701 propagatur,

257 1707 336 1796 m&
365 1707 447 1780 primi
465 1708 583 1762 hominis
602 1727 626 1765 c.
648 1715 687 1766 12.
709 1710 828 1783 primum
847 1712 1012 1765 sententiam
1030 1728 1134 1779 eorum,
1151 1712 1201 1781 qui
1224 1714 1326 1769 rectius
1344 1716 1446 1771 dicitur
1462 1717 1543 1771 homo
1563 1724 1672 1772 creatus
1697 1734 1780 1789 quam
1801 1723 1963 1788 generatus,
1989 1715 2055 1787 quia

257 1818 324 1848 man
365 1802 504 1862 etatuunt,
532 1795 655 1848 animam
678 1790 848 1866 incorpore
870 1805 1004 1867 tanquam
1029 1798 1059 1851 in
1075 1814 1143 1851 rare
1160 1797 1199 1850 vi·
1225 1800 1359 1872 apotiori
1378 1801 1410 1857 fit
1429 1802 1623 1859 denominatio.
1658 1803 1692 1858 Id
1715 1804 1789 1874 quod
1819 1804 1855 1857 ab
1873 1802 1982 1857 Adamo
2007 1818 2054 1872 ge·

257 1862 316 1952 ffl‘,
364 1881 435 1934 tr‘ato
454 1883 610 1951 eorrumpi,
629 1884 778 1953 repudiat,
804 1882 980 1953 (rectissime,
1005 1900 1070 1937 nam
1092 1890 1114 1940 1.
1134 1883 1199 1955 quia
1224 1891 1345 1956 noratur,
1363 1897 1439 1944 earet
1457 1889 1550 1943 anima
1566 1889 1706 1955 rationali,
1726 1892 1770 1954 (ex
1787 1887 1933 1958 hypothesi
1950 1888 2055 1942 Bellar·

257 1964 305 2004 ‘⁸⁸¹'
364 1984 466 2038 corpus
489 1986 545 2023 non
570 1974 663 2039 potest
688 1986 771 2041 egere
793 1969 823 2025 in
840 1970 985 2042 Spiritum
1011 1975 1037 2038 2.Ι
1052 1977 1199 2041 peccatum
1225 1973 1302 2040 mini)
1317 1974 1377 2044 jam
1395 1989 1468 2043 vero,
1486 1975 1561 2046 quod
1579 1974 1672 2029 anima
1683 1975 1810 2028 rationali
1829 1981 1917 2041 caret,
1941 1990 1996 2028 non
2014 1980 2056 2029 est

362 2054 453 2125 primo
470 2055 501 2109 in
517 2055 610 2110 anima
626 2056 740 2124 residet,
758 2074 814 2112 non
831 2057 860 2111 in
878 2073 977 2125 carne,
995 2061 1018 2112 3.
1031 2055 1108 2111 Deus
1127 2056 1199 2110 foret
1224 2076 1310 2113 unum
1328 2059 1422 2130 specie
1440 2077 1502 2115 cunr
1521 2060 1638 2116 homine.
1673 2060 1748 2131 Ergo
1775 2060 1885 2131 proprie
1911 2066 1939 2114 et
1962 2059 2055 2130 exqui-

362 2141 498 2211 injustus,
519 2142 567 2212 qui
587 2159 686 2212 puram
707 2143 826 2196 animam
845 2143 953 2215 impuro
970 2142 1077 2213 corpori
1099 2142 1198 2198 immit·
1223 2145 1276 2201 site
1296 2146 1434 2218 loquendo
1450 2164 1505 2201 non
1517 2153 1664 2219 generatur
1681 2147 1717 2200 ab
1730 2146 1840 2201 Adamo
1856 2146 1945 2201 homo.
1972 2145 2053 2209 Quod

361 2230 446 2294 teret)
459 2228 559 2282 deinde
574 2247 669 2282 eorum
682 2231 766 2283 etiam
779 2231 951 2297 renuntiem,
972 2231 1022 2300 qui
1034 2230 1200 2298 existimant,
1222 2230 1277 2286 init
1296 2232 1326 2286 in
1344 2232 1446 2288 lumbis
1463 2232 1544 2287 Adae
1560 2239 1736 2303 praeceptum
1748 2231 1801 2286 Dei
1819 2232 2055 2303 nmsgredientie,

363 2332 478 2367 earnem
508 2316 670 2369 destitutam
701 2316 838 2383 originali
858 2317 976 2386 justitia
1003 2334 1038 2370 ac
1069 2317 1197 2371 rebellem
1222 2316 1292 2371 illud
1313 2317 1402 2372 solum
1420 2323 1448 2374 et
1464 2336 1544 2374 omne
1562 2324 1605 2374 est
1621 2324 1787 2389 corruptum.
1821 2318 1885 2373 Jam
1913 2335 1978 2372 uero
1996 2334 2052 2372 non

361 2401 473 2453 rationi
492 2402 617 2470 effectam
635 2404 759 2454 animam
777 2403 908 2456 deorsam
925 2404 1051 2470 trahere,
1069 2405 1196 2457 eandem·
1223 2408 1282 2458 tota
1298 2409 1398 2459 natura
1417 2403 1546 2473 humana,
1566 2405 1615 2460 sed
1628 2410 1736 2460 tantum
1754 2421 1819 2475 pars
1838 2405 1906 2474 ejus,
1926 2404 2055 2459 videlieet

361 2504 416 2555 que
434 2488 486 2540 loe
496 2488 580 2541 modo
599 2489 738 2556 ohlr'quam
754 2496 779 2541 ct
795 2490 943 2543 dutortam
956 2491 1076 2559 efficere,
1094 2507 1197 2554 eorum,
1225 2506 1298 2552 caro,
1318 2489 1372 2544 fuit
1388 2490 1417 2544 in
1429 2489 1530 2544 lumbis
1548 2490 1636 2559 Adae,
1656 2495 1700 2557 (ex
1717 2490 1865 2561 hypothesi
1876 2490 2055 2556 Bellarmini).

361 2573 485 2641 inquam,
503 2574 667 2627 sententiam
683 2576 781 2628 itidem
798 2576 923 2644 refellit,
942 2576 1113 2644 (rectissime,
1132 2595 1196 2631 nam
1223 2576 1299 2647 Ergo
1316 2592 1370 2630 non
1388 2580 1449 2631 tota
1463 2583 1564 2631 natura
1579 2576 1709 2645 humana,
1725 2578 1775 2630 aed
1792 2582 1900 2631 tantum
1913 2593 1976 2645 pars
1987 2577 2055 2646 ejus,

366 2665 389 2714 1.
418 2659 510 2713 anima
541 2665 639 2730 utpote
668 2661 827 2732 incorrupta
857 2667 885 2715 et
916 2662 1012 2718 tortior
1043 2662 1196 2732 resisteret,
1223 2662 1354 2718 videlicet
1377 2679 1441 2717 caro
1465 2669 1507 2716 est
1532 2669 1668 2733 corrupta.
1715 2660 1745 2717 si
1769 2662 1798 2715 in
1821 2663 1932 2717 Adamo
1961 2678 2053 2717 omnes

360 2752 385 2802 2.
405 2744 448 2800 sin
466 2763 531 2801 vero
550 2763 693 2801 assensum
710 2748 869 2817 praeberet,
894 2764 950 2802 non
968 2747 1122 2820 originale,
1147 2750 1195 2803 sed
1223 2754 1422 2820 peccaverunt,
1450 2748 1524 2819 quod
1551 2747 1692 2818 apostolus
1716 2748 1827 2815 arserit,
1851 2748 1948 2818 utique
1971 2748 2054 2802 etiam

364 2832 475 2887 actuale
494 2838 640 2903 peceatum
658 2833 729 2888 illud
749 2839 837 2903 esset;
856 2840 879 2888 3.
897 2834 1016 2890 inferum
1033 2842 1098 2890 ante
1115 2853 1195 2889 usum
1222 2840 1282 2890 tota
1303 2841 1403 2890 natura
1415 2834 1537 2888 humana
1554 2835 1583 2887 in
1600 2831 1710 2888 Adamo
1728 2832 1797 2901 fuir,
1823 2839 1851 2888 et
1865 2833 1973 2890 tota'ex
1992 2834 2053 2904 ipso

359 2919 477 2972 rationis
497 2935 552 2972 non
574 2919 709 2976 haberent
733 2921 868 2992 originale
885 2925 1056 2992 peceatuml,
1083 2922 1195 2976 tandem
1222 2921 1348 2976 trahitur.
1369 2920 1519 2992 Augustin.
1540 2925 1564 2976 6.
1585 2925 1680 2985 comma
1698 2919 1803 2975 Julian.
1825 2937 1848 2975 c.
1871 2924 1915 2974 12:
1941 2921 1977 2972 ln
1995 2937 2052 2974 uno

360 3021 441 3058 suam
470 3005 599 3075 proponit
624 3006 788 3060 sententiam
817 3006 892 3063 hisce
919 3007 1094 3064 theorematis
1123 3026 1194 3064 com·
1221 2996 1330 3061 bomine
1356 3023 1450 3067 omnee
1468 3013 1623 3076 peccarunt
1648 3005 1839 3073 originaliter,
1866 3013 1891 3058 et
1918 3014 2053 3076 tanquam

359 3091 542 3161 prehensam:
583 3097 605 3148 1.
626 3091 710 3154 Quod
728 3094 770 3146 ad
792 3095 995 3148 reductionem
1009 3095 1120 3165 peceati
1139 3096 1194 3149 ori-
1221 3094 1252 3147 in
1268 3109 1379 3147 massae
1400 3093 1502 3146 unione
1520 3093 1707 3148 communiter.
1734 3097 1756 3147 1.
1781 3092 1815 3146 de
1840 3099 1944 3162 peccat.
1963 3093 2050 3148 merit.

359 3178 467 3246 ginalr's
478 3177 550 3232 nina
562 3177 646 3231 aliud
657 3180 826 3248 requiratur,
837 3180 1027 3234 nisiutlromo
1034 3198 1090 3250 per
1100 3198 1194 3236 ueram
1220 3197 1243 3234 a
1264 3187 1294 3236 9:
1317 3179 1387 3248 tlte,
1414 3179 1443 3233 in
1461 3195 1515 3247 quo
1541 3194 1633 3231 omner
1658 3179 1830 3245 morientem,
1856 3179 1965 3233 occulta
1988 3181 2051 3234 tabe
2063 3176 2099 3221 Π·
2112 3176 2159 3221 ²⁸⁸·

360 3263 568 3331 penerationem
585 3264 622 3316 ab
642 3265 756 3318 Adamo
776 3267 943 3332 descendat,·
966 3266 1018 3320 hoe
1042 3268 1115 3321 enim
1132 3268 1194 3337 ipso
1220 3266 1458 3335 concupiscentiae
1480 3280 1548 3318 seraa
1560 3264 1713 3332 tabificavit
1725 3264 1755 3316 in
1765 3281 1795 3318 ee
1806 3281 1898 3318 omnes
1917 3267 1953 3318 do
1964 3266 2051 3334 stirpe

361 3352 439 3420 quod
451 3351 558 3420 alimum
570 3351 601 3404 in
614 3352 710 3404 mnatre
721 3352 806 3404 Adae
813 3352 884 3420 furt,
905 3353 1194 3424 cumirpraeceptam
1220 3372 1273 3407 arra
1298 3353 1443 3406 cenantes.
1468 3352 1529 3406 libr.
1554 3357 1579 3406 4.
1608 3356 1704 3406 contra
1729 3351 1798 3405 duas
1824 3351 1954 3421 epistolas
1971 3351 2051 3407 Pela·

360 3439 619 3505 tranaprederetur,
645 3438 676 3490 in
693 3437 746 3492 illo
767 3438 828 3506 ejus
841 3446 957 3507 peceato
975 3442 1194 3511 communicarit,
1220 3439 1294 3510 glan.
1313 3454 1337 3492 e.
1358 3444 1386 3494 l:
1404 3440 1441 3492 In
1460 3438 1514 3491 illo
1527 3437 1622 3507 primo
1635 3445 1789 3506 peccarunt
1805 3454 1911 3504 omnes,
1937 3439 2051 3508 quinia

362 3541 436 3591 cum¹
450 3525 481 3577 in
509 3524 562 3577 illo
589 3540 682 3578 omnes
705 3525 891 3593 peccauerint.
937 3531 961 3581 2.
990 3525 1074 3588 Quod
1097 3528 1194 3580 anima
1220 3543 1251 3579 eo
1261 3526 1384 3593 suerrrnt
1399 3541 1499 3591 omnes,
1517 3523 1692 3592 quandoille
1705 3523 1841 3592 peccarit,
1861 3526 1936 3577 unde
1952 3542 2051 3593 pecca·

362 3628 420 3665 non
440 3609 591 3680 polluatur
615 3627 677 3663 cum
702 3617 815 3664 creatur
837 3626 857 3661 a
883 3612 962 3680 Deo,
987 3613 1039 3665 aed
1060 3631 1121 3666 eum
1140 3631 1194 3682 per
1220 3619 1279 3665 tum
1297 3613 1437 3665 nascendo
1455 3610 1586 3664 trabitur.
1621 3610 1697 3663 Nam
1722 3618 1747 3663 at
1768 3611 1809 3663 aie
1834 3619 1946 3664 sanctus
1966 3612 2050 3666 Hila-

362 3697 586 3766 eonjunctionem
611 3713 673 3749 cum
697 3712 782 3748 carne
806 3711 839 3748 ea
856 3696 970 3750 Adamo
995 3704 1100 3766 tracta,
1121 3716 1194 3767 pars
1219 3699 1281 3751 rius
1303 3697 1454 3763 intelletrit,
1480 3696 1550 3750 dicit
1577 3696 1649 3749 enim
1675 3696 1853 3761 manifestum
1882 3698 1913 3749 in
1937 3698 2051 3753 Adane

336 3784 344 3791 '
361 3783 483 3837 hominis
501 3784 631 3852 efficitur.
668 3787 692 3838 3.
716 3782 800 3844 Quod
815 3799 902 3835 causa
917 3784 1029 3851 peccati
1044 3784 1194 3851 originalis
1220 3800 1313 3837 ornnes
1325 3800 1457 3853 peccasse
1474 3782 1557 3851 quasi
1573 3782 1603 3835 in
1618 3799 1719 3835 masaa.
1755 3781 1903 3837 Anselmus
1918 3783 1954 3839 de
1970 3800 2047 3840 cone.

361 3870 398 3923 sit
414 3870 586 3939 propagatio
611 3885 644 3922 aa
665 3878 770 3922 notura
791 3875 934 3937 corrupta.
969 3874 993 3923 t.
1014 3867 1094 3930 Quod
1113 3871 1192 3939 ruffi·
1219 3870 1289 3941 virg.
1308 3885 1332 3923 c.
1352 3874 1376 3924 2.
1394 3876 1454 3922 tota
1473 3877 1578 3922 natura
1594 3868 1716 3921 huntam
1739 3868 1769 3921 in
1796 3868 1857 3922 illie
1873 3869 1982 3939 (primis
2001 3887 2050 3941 pa·

362 3958 419 4009 ciat
442 3958 485 4008 aei
508 3956 675 4009 trahendum
698 3970 731 4007 aa
754 3954 867 4008 Adamo
884 3962 1044 4024 paccatum,
1071 3956 1191 4010 annnam
1219 3955 1356 4021 rentibus)
1376 3962 1444 4019 erat,
1461 3962 1487 4007 et
1506 3962 1585 4007 entra
1603 3953 1670 4008 illos
1687 3954 1723 4006 de
1740 3953 1795 4008 illa
1811 3953 2050 4023 attellanarum

363 4058 421 4096 erae
441 4041 704 4111 partembominie,
726 4042 860 4110 quivere
882 4041 1054 4095 trahiturea
1071 4043 1192 4110 Adamo,
1220 4042 1545 4111 infirmataeteorrupta
1563 4048 1610 4094 est.
1647 4046 1671 4095 2.
1689 4039 1771 4105 Quod
1783 4042 1879 4094 anima
1892 4043 2051 4111 polluatur,

361 4129 429 4183 licet
441 4129 507 4197 ipra
517 4146 574 4180 non
588 4135 762 4197 proponetur·
773 4143 807 4180 ea
818 4127 915 4180 anima
926 4126 1041 4181 Adami.
1071 4134 1096 4185 5.
1112 4128 1195 4191 Quod
1220 4146 1281 4181 cum
1296 4144 1351 4197 per
1370 4126 1591 4195 conjunctionem
1608 4144 1669 4179 cum
1687 4143 1771 4180 carne
1782 4128 1820 4194 fit
1833 4144 1906 4195 pare
1923 4129 2051 4196 hominia,

363 4230 426 4267 rere
444 4222 471 4267 et
485 4214 605 4283 proprie
622 4214 702 4268 bomo
722 4221 841 4282 penerel,
860 4215 971 4268 tametsi
987 4215 1084 4269 anima
1099 4218 1193 4271 aDeo
1220 4231 1276 4269 non
1296 4213 1336 4267 ita
1352 4212 1427 4266 nude
1445 4212 1623 4267 asserendum
1646 4218 1706 4266 erat
1723 4210 1907 4283 Bellarmino,
1930 4214 1978 4269 sed
2005 4231 2050 4270 ex·

363 4301 529 4371 inspiretur,
559 4318 620 4354 crem
641 4300 784 4368 generatio
806 4318 862 4354 non
880 4302 1042 4354 terminetur
1064 4303 1106 4355 ad
1126 4319 1193 4371 pro·
1220 4299 1390 4369 plicandum,
1407 4298 1545 4369 quomodo
1565 4314 1664 4368 corpus
1680 4298 1800 4352 animam
1813 4298 1936 4367 polluere
1956 4300 2051 4370 possit,

364 4388 522 4441 &wionem
554 4389 667 4452 formae
697 4390 739 4441 uel
767 4388 918 4456 materiae,
950 4389 1002 4466 aed
1032 4388 1194 4457 compositi,·
1220 4386 1358 4462 quomodo
1375 4384 1430 4440 Dei
1449 4384 1559 4454 justitia
1581 4400 1637 4438 non
1662 4382 1845 4438 labefactetur
1864 4400 1897 4437 ex
1914 4401 1955 4451 eo,
1976 4386 2051 4456 quod

364 4475 490 4542 promere
509 4474 595 4541 igitur
612 4474 692 4529 borno
710 4492 766 4527 non
780 4481 921 4544 propapet
938 4474 1075 4540 animam,
1101 4481 1194 4528 tamen
1220 4471 1340 4526 animam
1364 4486 1462 4542 puram
1487 4469 1516 4523 in
1536 4485 1637 4539 corpus
1660 4469 1800 4539 impurum
1822 4469 1957 4535 infundit,
1985 4488 2051 4542 quo

359 4578 414 4630 per
429 4560 637 4630 perorationem
654 4560 802 4613 materiam
821 4561 863 4613 ita
884 4560 1016 4629 drapanit,
1033 4567 1063 4613 ut
1082 4559 1194 4623 insolli-
1221 4558 1304 4612 modo
1321 4573 1339 4612 a
1356 4572 1439 4611 carne
1457 4555 1486 4610 in
1500 4555 1620 4610 animam
1634 4561 1804 4627 propagetur
1817 4561 1968 4627 peecatum,
1987 4573 2051 4611 cum

363 4647 457 4701 briiter
475 4647 573 4700 anima
588 4653 782 4715 consequatur,
802 4654 828 4700 et
845 4646 886 4699 ric
899 4647 1023 4699 animam
1037 4664 1098 4698 eum
1109 4663 1195 4699 earne
1220 4650 1314 4699 tamen
1331 4644 1448 4714 ipsemet
1467 4659 1492 4696 c.
1509 4643 1692 4722 praecedente
1709 4642 1761 4698 col.
1780 4647 1839 4698 302.
1857 4643 1964 4709 dixerit,
1981 4644 2050 4696 ima·

363 4732 515 4801 conjungit.
558 4736 581 4786 6.
610 4731 694 4793 Quod
717 4732 798 4801 ipsae
827 4732 977 4785 bestiarum
1002 4732 1112 4785 animae
1139 4750 1195 4786 non
1219 4732 1311 4799 ginem
1328 4729 1388 4784 Dei
1400 4728 1520 4799 proprie
1539 4729 1678 4783 inanima
1694 4730 1828 4793 residere,
1847 4746 1910 4784 eum
1930 4728 2050 4784 Thomas

362 4819 446 4873 aliter
457 4820 533 4889 fiunt
550 4835 582 4871 ea
596 4819 771 4888 propapine,
797 4836 879 4888 quam
904 4819 981 4887 qaod
1000 4827 1134 4888 parentes
1150 4836 1195 4888 pe·
1219 4824 1294 4872 recte
1317 4820 1424 4870 statuat
1449 4822 1470 4871 1.
1495 4819 1518 4869 2.
1542 4831 1569 4886 q.
1594 4819 1635 4871 83.
1660 4821 1711 4871 art.
1731 4820 1755 4870 2.
1773 4816 1896 4868 amineam
1914 4831 1972 4868 erse
1987 4815 2050 4884 pri·

361 4907 489 4959 nerondo
501 4905 655 4973 disponunt
665 4904 815 4958 materiam
830 4920 916 4972 usaria
929 4905 971 4957 ad
980 4904 1178 4958 animationem
1183 4925 1194 4973 ;
1220 4922 1293 4957 mum
1309 4902 1461 4971 subjectum
1476 4902 1586 4970 peccati
1609 4900 1776 4969 oripinalis,·
1802 4900 1871 4954 haee
1894 4900 1987 4954 omnia
2009 4901 2050 4956 di·

361 5008 396 5044 ac
409 4992 535 5060 proinde
551 4991 660 5044 nullam
679 5007 736 5044 erre
755 5006 883 5057 eausam,
905 5006 956 5042 cur
969 4998 1090 5059 propter
1108 4992 1193 5059 oripi·
1221 4996 1294 5045 serta
1313 4996 1341 5044 et
1359 4986 1504 5058 perspicue
1522 4985 1685 5056 explicanda
1705 4993 1794 5053 erant,
1821 4986 1977 5057 quodcum
1994 5004 2049 5043 non
2136 4982 2141 4991 '

361 5078 428 5131 nale
449 5086 596 5146 peccatum
625 5078 661 5129 cle
689 5077 847 5129 animarum
874 5076 1016 5130 creatione
1043 5077 1193 5141 dubitetur,
1219 5075 1305 5130 iaciat
1321 5073 1519 5153 Bellarminus,
1540 5088 1638 5142 parum
1655 5072 1762 5141 gratiae
1779 5072 1816 5126 ab
1829 5072 2002 5143 Augustino,
2025 5074 2050 5128 ai

362 5164 431 5236 quin
449 5163 505 5217 imo
522 5181 546 5218 c.
567 5169 606 5219 11.
624 5161 674 5217 col.
695 5167 753 5217 311.
776 5163 874 5216 statuit
895 5162 987 5231 ipmrm
1006 5165 1193 5233 augustinum,
1220 5161 1312 5215 adhuc
1330 5161 1402 5214 inter
1418 5158 1541 5212 homines
1560 5157 1674 5224 rivaret,
1699 5155 1840 5211 reserrret:
1868 5166 1962 5213 manet
1976 5160 2048 5215 enim

360 5251 387 5303 ri
410 5251 484 5303 inter
509 5250 632 5303 hominm
657 5248 772 5312 vireret,
799 5248 901 5302 andita
930 5248 982 5301 bac
1010 5250 1193 5317 replicatione
1220 5246 1387 5314 difficultas,
1411 5243 1485 5298 unde
1510 5242 1604 5297 anima
1623 5243 1728 5312 justam
1752 5242 1917 5298 sententiam
1936 5245 2048 5301 damna·

358 5338 470 5407 pretias
504 5343 629 5388 omarum
657 5335 807 5389 creationis
830 5336 1097 5404 propugnatoribus.
1139 5334 1193 5391 Re·
1218 5333 1301 5388 donis
1327 5348 1360 5385 ex
1382 5331 1491 5385 Adamo
1516 5329 1652 5397 inveniat,
1679 5345 1741 5383 cum
1767 5334 1860 5384 tammr
1883 5348 1916 5386 ex
1939 5332 2048 5386 Adamo

359 5422 458 5494 spond.
486 5420 587 5475 Mirum
606 5437 682 5488 vero,
708 5436 760 5474 nee
777 5416 964 5492 Augustinum
986 5426 1064 5474 tanto
1088 5420 1193 5492 ingenii
1218 5437 1275 5474 non
1294 5418 1415 5473 inveniat
1423 5420 1440 5483 1,
1465 5414 1648 5471 Bellarminus
1665 5417 1820 5484 respondet,
1839 5417 1907 5485 quia
1922 5426 2048 5487 estpars

361 5507 491 5565 acumine
508 5506 663 5576 praeditum
684 5504 737 5559 hoc
748 5504 857 5575 vidisse,
873 5523 964 5579 neque
975 5506 1011 5560 ab
1022 5505 1192 5576 Hieronymo
1218 5505 1350 5566 hominis,
1378 5504 1428 5573 qui
1449 5521 1481 5557 ea
1506 5504 1618 5554 Adamo
1639 5501 1726 5570 verrit,
1755 5502 1833 5572 atqui
1857 5520 1907 5556 cur
1930 5502 2046 5561 DEUS

358 5594 404 5650 vel
431 5592 535 5663 Optato
562 5592 605 5647 vel
629 5591 779 5647 Vincentio
806 5592 877 5647 hanc
905 5592 1111 5663 responsionem
1136 5592 1190 5663 ipsi
1218 5592 1307 5647 bonus
1324 5596 1352 5645 et
1368 5592 1462 5660 justus
1475 5588 1593 5642 animam
1607 5603 1704 5657 puram
1719 5588 1837 5642 creando
1849 5595 1877 5643 et
1887 5588 2046 5659 inspirando

358 5680 441 5736 toties
467 5678 520 5733 hoc
545 5676 697 5749 requirenti
720 5679 813 5733 datam
840 5680 915 5734 essel
940 5677 1097 5733 ridebimus
1125 5679 1191 5750 quid
1217 5676 1286 5732 iacit
1307 5683 1413 5747 partem
1438 5672 1575 5729 hominis?
1601 5671 1703 5744 quibus
1729 5673 1808 5729 malis
1831 5674 1933 5729 meritis
1955 5674 2047 5729 anima

358 5765 442 5821 sitin
462 5780 496 5819 ea
512 5763 627 5820 roboris.
653 5770 674 5820 1.
688 5764 832 5830 Quomodo
850 5764 903 5819 dici
920 5769 1013 5833 potest
1030 5780 1081 5834 per
1099 5780 1192 5819 reram
1217 5765 1271 5820 hoc
1286 5761 1435 5819 obtinuit?
1470 5766 1494 5816 3.
1519 5759 1638 5815 Causam
1663 5759 1810 5832 propagati
1834 5761 2047 5836 peccatiprigi-

358 5851 568 5926 generationem
592 5850 630 5907 ab
655 5850 766 5907 Adamo
794 5850 975 5920 descendere,
1008 5849 1057 5922 qui
1084 5857 1192 5921 partem
1217 5850 1289 5907 nalis
1307 5865 1368 5906 esse
1388 5846 1614 5921 propagationem
1632 5863 1666 5903 ex
1685 5854 1785 5903 natura
1804 5853 1934 5918 corrupta
1950 5848 2045 5903 rectis·
