5017 6675
455 691 516 750 200
1150 675 1275 735 Locus
1292 675 1464 735 DECIMUS

453 857 510 896 non
530 837 650 893 invenio.
684 836 762 910 Ergo
775 836 896 893 nondum
914 836 1037 907 perfecte
1054 835 1172 907 implent
1188 833 1287 906 legem,
1318 834 1384 888 terit
1400 832 1515 891 absolvi.
1542 833 1655 907 Excipit
1665 833 1859 902 Bellamiuus,
1875 829 1999 892 diambi
2004 845 2157 908 peccem

454 925 585 981 videlicet
609 932 724 996 propter
748 925 943 980 adhaerentem
965 922 1235 995 concupiscentiam,
1264 927 1291 976 et
1318 921 1429 973 actuale
1447 921 1576 991 illorum,
1602 921 1652 992 qai
1668 922 1796 977 ciuem
1817 931 1883 977 aste
1902 922 2054 994 causan,
2069 927 2158 994 essuri

454 1031 506 1084 per
529 1028 701 1087 consequens
726 1012 951 1082 concupiscentia
975 1011 1024 1065 illa
1049 1010 1119 1082 legis
1138 1008 1290 1080 perfectam
1318 1007 1522 1061 ambulaverint
1538 1008 1691 1064 mudum
1706 1024 1821 1062 carnem
1845 1017 1871 1063 et
1888 1024 1961 1078 quus
1974 1010 2155 1079 mmm,

455 1099 645 1172 impletionem
670 1097 818 1169 prohibens
842 1103 885 1151 est
912 1103 1064 1168 peccatum.
1099 1096 1212 1166 Excipit
1227 1094 1291 1150 Bel·
1317 1101 1425 1147 tontum
1449 1094 1649 1174 cogitauerim
1675 1096 1724 1150 ubi
1746 1097 1832 1150 eausa
1851 1097 2069 1165 pronuntiatum
2096 1099 2155 1152 tale

454 1185 601 1252 larmirus,
620 1192 651 1238 at
671 1185 733 1253 quis
755 1191 851 1254 peccet
867 1202 923 1238 non
939 1185 1096 1252 socienda,
1119 1183 1234 1251 aliquid
1248 1198 1291 1234 rc·
1313 1181 1410 1248 ponit,
1430 1183 1507 1250 quod
1516 1191 1666 1251 paccatum
1683 1184 1824 1250 originale
1838 1183 2073 1255 penitusneput,
2086 1201 2156 1254 pro·

455 1272 546 1341 quiri,
574 1279 605 1325 ut
630 1271 728 1324 debesa
754 1278 780 1323 st
798 1271 890 1340 possit
915 1271 992 1324 iliud
1006 1271 1119 1336 facere,
1138 1270 1203 1338 jam
1225 1284 1291 1322 uero
1317 1268 1393 1320 uitas
1410 1270 1452 1321 ad
1468 1267 1573 1322 muium
1592 1268 1655 1337 (ait)
1674 1277 1715 1323 cst
1725 1270 1827 1323 culam
1839 1278 2002 1338 cuperculo
2017 1271 2159 1342 ampiecti

456 1375 540 1413 corne
562 1375 618 1410 non
634 1358 831 1425 concupiscere
848 1375 905 1411 non
923 1364 964 1409 est
982 1357 1010 1409 in
1029 1363 1127 1410 nostro
1142 1361 1290 1424 potestate.
1318 1354 1461 1424 relictum,
1488 1357 1541 1410 seri
1565 1373 1623 1412 nou
1647 1364 1688 1410 est
1707 1357 1830 1426 proprie
1851 1365 2016 1426 peccatum,
2042 1357 2102 1412 aiei
2126 1359 2156 1411 in

456 1444 680 1515 Respondemus:
709 1442 853 1516 Obligatio
880 1443 951 1514 legis
978 1461 1033 1498 non
1059 1441 1233 1496 aestimande
1258 1457 1290 1495 er
1319 1449 1412 1494 actum
1430 1442 1620 1497 uoluntarium
1631 1444 1766 1512 prodeat.
1801 1443 1947 1500 Subsume.
1981 1446 2019 1498 In
2035 1445 2157 1512 injusti·

457 1537 532 1586 statu
554 1529 671 1585 hominis
689 1535 753 1599 post
771 1529 894 1599 lapsum,
920 1530 968 1583 sed
986 1546 1018 1585 ex
1038 1529 1116 1583 donis
1135 1535 1163 1582 et
1181 1526 1292 1592 viribus,
1319 1527 1368 1579 bus
1382 1529 1516 1597 pronitas
1540 1529 1595 1583 silo
1618 1531 1743 1585 nondum
1763 1531 1933 1599 erumpitis
1950 1539 2042 1585 actum
2060 1532 2157 1586 colem-

456 1634 526 1689 quas
548 1616 579 1670 in
596 1617 686 1687 primo
705 1614 816 1669 homine
833 1616 869 1668 ad
888 1616 978 1687 legem
996 1614 1192 1684 praestandam
1214 1629 1291 1668 acce·
1319 1615 1431 1667 tarium.
1467 1616 1547 1684 Ergo
1576 1624 1672 1670 curent
1694 1625 1813 1687 peccato
1834 1611 1956 1687 proprie
1982 1618 2066 1674 dicto.
2103 1617 2157 1674 Re

455 1704 555 1776 pimus.
598 1703 671 1759 Saue
697 1719 749 1772 per
775 1701 909 1773 originale
935 1708 1079 1773 peccatum
1104 1701 1202 1756 misere
1227 1701 1291 1754 huic
1319 1701 1500 1770 spondemus:
1538 1701 1651 1773 Moyses
1681 1702 1773 1774 ipsum
1802 1702 1953 1758 actualium
1978 1710 2157 1775 peccatorum

454 1789 591 1862 peccandi
608 1787 768 1843 necessitati
784 1792 826 1857 (ut
836 1793 956 1859 August
971 1792 1000 1842 et
1010 1788 1111 1842 Bernlu
1130 1785 1291 1859 loquuntur)
1318 1787 1421 1840 fontem
1445 1786 1497 1841 hac
1522 1805 1624 1858 gnoma
1643 1794 1797 1844 monstrare
1814 1789 1916 1859 voluit,
1943 1789 2032 1862 qualis
2051 1789 2159 1844 scilicet

382 1883 389 1891 '
455 1873 577 1945 subJ‘ecti
588 1892 695 1943 sumus,
708 1881 740 1928 ut
751 1890 807 1928 uon
818 1873 955 1944 possimus
967 1875 1171 1944 concupiscere,
1181 1873 1291 1928 interim
1318 1872 1496 1943 sublateDei
1508 1873 1613 1945 Spiritu
1627 1875 1749 1930 humana
1758 1882 1859 1930 natura
1870 1876 2009 1940 manserit,
2023 1876 2157 1932 videlicet

455 1969 550 2018 tamen
569 1961 639 2032 legis
661 1960 746 2032 rigori
766 1977 799 2015 ae
818 1961 913 2016 debito
930 1967 1025 2016 nostro
1041 1960 1111 2014 nihil
1127 1959 1192 2015 inde
1212 1959 1290 2014 dece·
1320 1959 1390 2028 talis,
1412 1960 1501 2030 qualis
1518 1977 1552 2015 ex
1566 1977 1596 2015 se
1614 1967 1641 2016 et
1653 1977 1704 2015 sua
1720 1967 1821 2016 natura
1832 1968 1874 2016 est
1884 1969 1948 2033 post
1960 1962 2079 2034 lapsum,
2096 1968 2157 2018 totu

456 2047 507 2117 dit,
527 2048 602 2119 quod
619 2047 745 2117 exemplo
765 2046 897 2101 debitoris
916 2048 951 2100 ed
970 2053 1163 2117 paupertatem
1180 2046 1291 2116 propria
1319 2045 1450 2100 carnalis:
1476 2062 1594 2117 cumque
1619 2045 1716 2102 Ncaho
1746 2064 1809 2101 cum
1835 2047 1892 2101 suis
1913 2065 2024 2124 exerce
2044 2067 2156 2121 egresso
2169 2051 2247 2096 W·

456 2135 539 2204 culpa
562 2133 668 2189 redacti
692 2133 818 2203 superius
844 2133 1047 2187 declaravimus
1065 2140 1093 2187 et
1111 2131 1162 2186 suo
1183 2132 1243 2187 loco
1263 2132 1291 2186 in
1320 2131 1416 2186 eedem
1433 2132 1519 2187 verba
1536 2138 1711 2203 repetantur,
1729 2134 1905 2189 manifestum
1923 2140 1979 2204 est,
2002 2152 2057 2191 non
2074 2153 2157 2207 posse

456 2220 573 2276 articulo
593 2220 709 2290 delego
731 2219 934 2275 declarabimus
951 2220 1071 2275 uberius.
1118 2290 1121 2295 .
1320 2218 1355 2272 ad
1389 2217 1450 2273 illos
1485 2218 1572 2285 solos,
1608 2219 1656 2288 qui
1686 2219 1814 2274 vixerunt
1847 2226 1913 2276 ante
1943 2221 2092 2286 diluvium,
2123 2238 2157 2276 es

423 2370 432 2380 ἱ
492 2314 534 2363 51.
568 2306 685 2377 Argum.
703 2304 754 2361 IX.
786 2304 924 2376 Quicquid
942 2312 984 2360 est
1001 2304 1146 2359 inimicitia
1161 2304 1292 2360 adversus
1320 2303 1429 2373 referri,
1449 2304 1497 2359 sed
1516 2304 1544 2357 in
1561 2321 1663 2375 genere
1683 2305 1881 2359 concionantur
1900 2306 1935 2361 de
1951 2313 2052 2360 natura
2069 2306 2156 2362 homi-

457 2393 551 2449 Deum
573 2402 601 2446 et
619 2407 700 2460 mors,
719 2391 773 2445 hoc
791 2399 840 2459 est,
858 2391 952 2447 mortis
971 2408 1063 2461 eausa,
1082 2391 1152 2445 illud
1170 2397 1292 2461 estpec-
1320 2408 1386 2443 num
1412 2396 1475 2460 post
1497 2391 1619 2461 lapsum,
1648 2391 1738 2462 qualis
1758 2392 1787 2445 in
1805 2408 1835 2446 se
1858 2392 1907 2456 sit,
1934 2393 1958 2446 si
1984 2400 2062 2448 extra
2078 2410 2157 2465 rege·

458 2486 562 2536 catum.
597 2479 637 2533 At
661 2478 794 2551 φρόνημα
817 2477 982 2550 siracusis
1007 2486 1047 2532 cst
1069 2479 1216 2532 inimicitia
1241 2481 1292 2531 ud·
1321 2476 1490 2530 serationem
1523 2493 1555 2531 ac
1581 2477 1785 2533 renovationem
1812 2477 1930 2547 Spiritus
1958 2479 2156 2535 consideretur.

457 2581 555 2620 sermm
567 2565 668 2619 Deum.
701 2564 780 2619 Rom.
799 2568 823 2628 8,
840 2582 866 2617 v.
886 2570 909 2618 7.
930 2570 958 2619 et
974 2582 1049 2617 mors
1066 2582 1091 2617 r.
1109 2567 1134 2618 θ’.
1166 2563 1240 2635 Ergo
1253 2571 1294 2619 est
1323 2561 1450 2616 Hebraea
1469 2562 1571 2617 veritas
1595 2563 1635 2616 sic
1653 2562 1738 2618 habet
1757 2562 1936 2629 Gessium,
1953 2581 2024 2621 vers.
2045 2567 2158 2638 quinto:

460 2655 613 2723 peccatum.
648 2650 759 2720 Excipit
774 2650 969 2718 Bellarminus,
989 2651 1098 2705 nomine
1118 2650 1295 2723 φρονήματος
1323 2632 1484 2721 Uiflfl'b-'g
1519 2650 1560 2709 ἳἿ.
1599 2650 1643 2716 ΡἿ,
1674 2634 1728 2713 52²5.
1766 2637 1890 2726 1¹1thqu
1922 2637 2041 2725 '5332'722
2078 2671 2158 2708 omne

460 2737 512 2792 boc
533 2738 595 2791 loco
620 2737 743 2806 tnesttiqt
766 2754 821 2790 non
839 2737 931 2806 speum
950 2738 1217 2806 concupiscentiam,
1243 2740 1295 2791 sed
1322 2737 1479 2804 figmentum
1497 2737 1696 2804 cogitationum
1715 2739 1811 2791 cordes
1832 2745 1939 2792 tontum
1958 2740 2064 2794 maium
2083 2742 2161 2795 omni

460 2841 557 2878 curam
573 2823 831 2878 etsollicitudinem
847 2823 962 2876 nimiam
971 2824 1148 2891 procidendi
1162 2827 1204 2891 e'a,
1223 2841 1294 2893 piac
1323 2822 1376 2874 dic.
1405 2820 1501 2877 Verba
1518 2822 1599 2876 valde
1617 2823 1856 2893 suntemphatica.
1889 2829 1912 2880 1.
1930 2823 2028 2879 cordis
2047 2827 2158 2882 nomine

460 2911 543 2964 carni
559 2917 642 2978 pratu
662 2917 688 2962 ct
705 2911 860 2973 commoda,
878 2928 961 2978 quum
980 2911 1126 2978 apostolus
1144 2927 1163 2962 u
1179 2927 1239 2963 sese
1252 2927 1293 2963 re·
1322 2907 1440 2977 Spiritus
1458 2925 1479 2961 s.
1498 2907 1527 2961 in
1545 2907 1689 2979 Scriptura
1707 2909 1869 2978 praesertim
1886 2909 1920 2966 V.
1941 2909 1974 2964 T.
1993 2929 2048 2965 non
2068 2913 2158 2968 solum

459 3004 561 3060 mouet,
588 3014 642 3065 quo
664 2996 774 3048 nomine
798 2995 980 3049 temeritatem
999 3005 1123 3050 neuram
1142 2997 1295 3050 Bellarmi·
1322 2998 1507 3062 appetentem,
1525 2993 1574 3047 sed
1593 3000 1622 3048 et
1638 2994 1800 3049 rationalem
1818 2995 1926 3051 animae
1942 2995 2104 3054 facultatem
2116 3000 2159 3054 in-

459 3101 512 3137 nus
530 3090 658 3151 occant,
684 3084 761 3151 quod
783 3083 877 3135 omnia
895 3083 1101 3148 confundamus
1125 3101 1158 3137 ac
1180 3085 1295 3137 mucca-
1322 3079 1437 3150 telligit,
1466 3080 1542 3135 unde
1563 3080 1640 3134 cordi
1663 3097 1720 3134 non
1744 3080 1861 3136 effectus
1878 3082 1978 3149 solum,
2006 3085 2161 3142 sedetiam

459 3187 520 3224 mus
540 3176 566 3223 ct
585 3176 750 3238 argumenta
765 3177 894 3239 petamus
914 3185 946 3221 es
965 3170 1026 3223 iilis
1045 3170 1129 3238 locis,
1157 3172 1206 3239 qui
1225 3170 1296 3223 nibil
1324 3166 1493 3220 intellectum
1517 3183 1551 3220 ac
1572 3167 1742 3221 voluntatem
1759 3166 1869 3237 tribuit,
1895 3186 1949 3239 quo
1967 3187 2050 3226 sensu
2067 3173 2160 3228 cordis

460 3257 502 3310 ad
517 3273 575 3310 rem
590 3255 710 3322 faciunt.
747 3254 969 3326 Respondemus:
992 3272 1042 3325 per
1058 3253 1088 3309 τὸ
1107 3254 1239 3326 φρόνημα
1251 3260 1297 3324 τῆς
1323 3269 1418 3308 vocem
1436 3253 1566 3309 hocloco
1583 3254 1681 3325 accipi,
1700 3259 1778 3324 patet
1795 3272 1829 3309 ex
1847 3255 2070 3327 cogitationibus,
2087 3278 2160 3332 quae
2227 3298 2233 3304 -

460 3342 563 3415 σαρκὸς
580 3342 774 3413 intelliguntur
791 3341 921 3406 affectus,
939 3358 1049 3408 sensus,
1069 3341 1252 3413 intelligentia
1270 3352 1297 3399 et
1323 3341 1399 3396 cordi
1417 3342 1585 3408 tribuuntur,
1603 3341 1719 3411 perinde
1737 3347 1769 3395 ut
1785 3342 1884 3397 Matth.
1906 3348 1944 3407 15,
1964 3361 1989 3402 v.
2010 3350 2049 3401 19.
2081 3346 2160 3403 Chri·

459 3429 598 3501 sapientia
614 3428 756 3483 hcminum
774 3427 943 3493 eumalium,
966 3427 1013 3499 qui
1031 3428 1154 3484 nondum
1172 3437 1237 3483 suut
1254 3448 1295 3485 re·
1323 3434 1381 3485 stus
1408 3428 1584 3498 pronuntiat,
1616 3446 1649 3483 ex
1679 3427 1762 3484 corde
1791 3430 1990 3502 διαλογισμοὺς
2020 3434 2160 3505 πονηροὺς

459 3516 592 3590 generati,
612 3522 641 3570 et
658 3515 783 3580 affectus,
802 3514 895 3569 studia
912 3532 945 3569 ac
962 3514 1145 3585 cogitationes
1164 3516 1254 3570 camis
1267 3517 1295 3571 in
1324 3515 1492 3593 ἐξέρχεᾳθιι.
1538 3520 1562 3568 2.
1588 3513 1663 3568 Huic
1692 3529 1759 3584 ergo
1789 3514 1865 3570 cordi
1891 3514 2033 3572 bominum
2062 3520 2160 3576 tribuit

458 3602 527 3675 ipsis
544 3602 656 3670 renatis,
677 3602 713 3656 de
732 3619 786 3672 quc
802 3600 961 3674 φρονήματι
975 3602 1115 3671 apostolus
1129 3602 1296 3674 pronuntiat,
1323 3600 1434 3670 Moyses
1452 3601 1510 3650 52³
1534 3606 1561 3654 et
1590 3603 1672 3650 sun.
1706 3600 1788 3655 Prius
1810 3603 1977 3657 vocabulum
1995 3606 2107 3676 proprie
2125 3609 2159 3663 si·

415 3743 417 3747 ,
459 3689 534 3761 quod
554 3688 590 3743 sit
612 3683 755 3743 inimicitia
779 3689 911 3743 adversm
931 3687 1036 3757 Deum,
1066 3687 1117 3742 hoc
1138 3694 1191 3756 est,
1222 3690 1295 3759 quod
1323 3685 1437 3756 gnificat
1459 3686 1592 3753 formare,
1619 3686 1757 3759 effigiare,
1783 3687 1944 3760 imaginari,
1965 3691 2104 3763 cogitare,
2126 3711 2160 3750 ec

302 3762 306 3770 ⁸
458 3775 516 3848 legi
540 3793 595 3829 non
619 3776 708 3829 solum
733 3791 787 3829 non
814 3774 989 3845 subjiciatur,
1019 3774 1172 3829 sedetiam
1190 3774 1297 3831 Decet
1324 3773 1453 3827 tribuitur
1474 3772 1562 3845 figulo
1580 3773 1723 3827 vasculum
1749 3774 1863 3845 aliquod
1888 3775 2027 3836 formenti.
2063 3779 2159 3837 Poste·

459 3861 546 3932 ipsius
564 3860 620 3931 legi
632 3860 768 3916 hostiliter
780 3860 948 3930 adversetur,
967 3867 999 3915 ut
1013 3860 1153 3930 apostolus
1165 3879 1195 3917 se
1205 3861 1298 3932 ipsum‘
1324 3859 1380 3913 rius
1399 3858 1539 3931 significat
1551 3876 1614 3913 cum
1626 3859 1779 3915 intentione
1791 3860 1876 3915 ammi
1891 3864 2022 3934 cogitare,
2034 3865 2158 3939 druicyts

460 3945 590 4017 explicat.
623 3946 697 4000 Illud
716 3946 857 4020 φρόνημα,
876 3947 955 4002 illum
972 3946 1104 4001 affectum
1123 3947 1213 4001 carnis
1231 3965 1296 4018 apo·
1324 3952 1430 4009 testas,
1453 3944 1541 3999 Erod.
1562 3950 1602 4013 35,
1622 3964 1647 3998 v.
1666 3950 1707 4002 32.
1726 3954 1877 4017 usurpatur
1894 3948 1928 4003 de
1947 3949 2101 4008 artificibus
2119 3961 2159 4010 ta·

365 4078 371 4091 ,
460 4031 549 4087 stolus
574 4048 629 4086 non
653 4032 808 4086 omnimode
828 4049 845 4086 a
868 4040 1053 4096 ceramensi,
1077 4033 1216 4105 quiajam
1233 4040 1297 4089 ante
1325 4030 1466 4088 bernaculi
1485 4030 1619 4102 singulari
1640 4031 1776 4086 industria
1798 4050 1896 4105 operas
1913 4052 1976 4089 suas
1994 4041 2160 4107 pertexeuti·

460 4117 604 4175 coufessus
621 4117 722 4186 fuerat,
749 4136 779 4174 se
799 4119 921 4173 nondum
941 4126 1030 4174 totum
1049 4120 1229 4189 spiritualem,
1247 4121 1296 4176 sed
1325 4119 1385 4173 bus.
1414 4117 1488 4189 Ergo
1507 4115 1614 4171 duobus
1635 4116 1711 4172 hisce
1730 4118 1872 4174 vocabulis
1890 4123 2160 4193 comprehenduntur

460 4224 494 4262 ex
515 4211 595 4277 parte
612 4203 703 4260 adhuc
721 4205 874 4274 carnalem,
895 4204 947 4258 hoc
966 4210 1017 4273 est,
1043 4205 1095 4259 sub
1112 4205 1203 4260 carnis
1221 4213 1297 4261 retu·
1325 4222 1418 4259 omnes
1436 4210 1525 4258 motus
1547 4220 1580 4257 ac
1600 4203 1783 4274 cogitationes
1809 4207 1900 4261 cordis
1926 4209 1984 4265 sive
2004 4210 2060 4267 sint
2077 4214 2159 4284 primi

460 4298 532 4348 state
556 4291 738 4347 constitutum
763 4292 939 4361 aliquatenus
957 4291 1048 4345 adhuc
1066 4308 1139 4362 esse,
1175 4293 1255 4349 Rom.
1276 4302 1298 4360 l,
1324 4291 1364 4345 illi
1383 4307 1416 4345 ac
1435 4289 1613 4344 involuntarii
1631 4298 1728 4360 motus,
1748 4291 1806 4346 sive
1824 4283 2115 4366 singulari‘industria
2132 4306 2160 4355 et

458 4377 1057 4450 v.143negutautemseineurneesse,
1082 4379 1126 4432 vel
1144 4380 1296 4434 secundum
1324 4377 1408 4433 animi
1431 4377 1583 4431 intentione
1608 4375 1706 4446 eliciti,
1739 4378 1854 4448 perinde
1873 4388 1905 4435 ut
1929 4382 1998 4438 haec
2023 4386 2161 4442 vocabule

460 4480 571 4520 carnem
589 4464 741 4531 ambulare,
760 4463 811 4518 hoc
826 4470 875 4527 est,
893 4463 963 4517 illud
981 4468 1028 4530 τῆς
1045 4462 1146 4535 σαρκὸς
1163 4466 1296 4538 opisque
1325 4466 1421 4520 eodem
1447 4481 1528 4518 sensu
1554 4466 1769 4536 conjunguntur.
1806 4456 1978 4539 1.'Paralip.
2004 4475 2052 4540 te,
2080 4490 2105 4526 v.
2132 4478 2160 4528 9:

459 4550 601 4623 perficere,
621 4550 661 4604 illi
680 4550 792 4605 affectui
810 4550 900 4604 caruis
919 4550 1066 4621 indulgere
1084 4567 1114 4605 se
1132 4559 1229 4623 negat,
1247 4571 1297 4623 per
1326 4553 1427 4606 Omnia
1445 4551 1534 4604 corda
1551 4549 1669 4618 inquirit
1688 4550 1838 4621 Dominus,
1859 4561 1885 4606 et
1903 4570 1982 4608 omne
1995 4558 2160 4626 ficmentum

460 4637 594 4710 Spiritum
611 4653 676 4692 vero
695 4637 757 4690 illas
776 4636 866 4691 cunis
885 4637 1037 4710 ἐπιθυμίας
1053 4652 1114 4692 sese
1131 4638 1298 4694 mortificare
1325 4639 1524 4709 cogitationum
1552 4637 1699 4706 intelligit,
1728 4637 1801 4691 unde
1826 4638 1880 4708 ipsi
1901 4638 2023 4696 Rabbini
2044 4661 2160 4713 pravam

455 4714 574 4788 asserit,
604 4730 687 4795 atque
706 4723 775 4778 alios
792 4730 903 4777 renatos
921 4722 958 4776 ad
976 4721 1046 4777 illud
1065 4722 1156 4792 ipsum
1174 4724 1297 4780 cohorta-
1325 4723 1575 4796 concupiscentiam
1598 4739 1697 4779 vocare
1722 4724 1812 4779 solent
1829 4726 1901 4798 τῃ
1920 4727 1982 4802 Ἶξζ
1996 4727 2160 4801 figmentum

353 4842 355 4846 Α
459 4816 513 4880 tur,
535 4808 598 4865 Gal.
617 4816 641 4879 5,
658 4828 685 4865 v.
704 4814 746 4865 24.
783 4806 874 4872 Quare
893 4825 956 4863 cum
972 4808 1002 4862 si
1020 4808 1152 4882 φρόνημα
1170 4813 1216 4877 τῆς
1233 4829 1297 4881 uuu-
1325 4814 1436 4868 malum.
1472 4809 1618 4889 350mues
1635 4809 1719 4865 hasce
1736 4810 1826 4866 cordis
1847 4813 2028 4883 cogitationes
2040 4816 2160 4888 Spiritus

460 4894 508 4958 stc
533 4897 618 4951 etiam
648 4896 752 4968 primos
778 4893 1019 4964 concupiscentiae
1046 4900 1136 4949 motus
1164 4901 1297 4968 tanquam
1325 4920 1346 4955 s.
1365 4903 1447 4953 vocat
1462 4898 1558 4964 mdes,
1576 4895 1628 4951 hoc
1645 4902 1695 4964 est,
1714 4895 1769 4966 legi
1783 4895 1838 4951 Dei
1855 4916 1911 4953 non
1928 4900 2092 4974 conformes,
2112 4904 2161 4960 sed

461 4990 565 5038 certam
596 4982 737 5055 quandam
768 4980 889 5052 speciem
916 4980 1133 5051 complectetur,
1163 5000 1219 5037 non
1248 4990 1298 5053 est,
1326 4994 1440 5060 peccato
1459 4983 1575 5039 iniectas
1603 4988 1632 5037 et
1646 4982 1689 5060 ad
1706 4982 1829 5038 actualia
1844 4991 1962 5053 peccata
1978 4986 2161 5058 impellentes.

461 5069 537 5140 quod
565 5070 601 5124 ab
630 5069 776 5125 inimicitia
802 5068 850 5123 iila
880 5067 1013 5123 adversus
1037 5068 1127 5122 Deum
1155 5077 1183 5125 et
1207 5071 1297 5143 legem
1326 5070 1457 5140 Quamvis
1481 5070 1553 5125 enim
1579 5068 1744 5124 vocabulum
1761 5070 1803 5130 θ’]
1825 5078 1974 5141 usurpetur
1993 5074 2164 5147 quandoque

460 5154 516 5210 Dei
542 5142 645 5226 p'ravae
675 5154 916 5228 concupiscentiae
948 5161 1038 5209 motus
1071 5155 1151 5210 liberi
1178 5174 1298 5227 pronun·
1327 5161 1361 5215 de
1385 5157 1457 5211 malo
1481 5154 1601 5226 poenis,
1629 5161 1722 5209 tamen
1748 5156 1970 5214 circumstantiae
1996 5160 2081 5231 hujus
2109 5162 2164 5217 loci

460 5241 573 5299 tientur.
1327 5245 1469 5302 evidenter
1486 5242 1648 5307 ostendunt,
1674 5241 1709 5296 de
1735 5242 1807 5297 malo
1826 5243 1924 5313 culpae
1941 5245 1993 5300 hcc
2012 5246 2073 5301 loco
2090 5247 2164 5303 acci·

334 5344 392 5386 ess.
405 5341 443 5384 ez·
498 5334 539 5385 52.
575 5328 669 5399 Atque
694 5328 764 5383 haec
788 5335 829 5384 est
852 5327 928 5398 prior
952 5327 1047 5383 classis
1071 5335 1297 5398 argumentorum
1327 5331 1458 5403 piendum
1476 5345 1553 5397 esse,
1572 5346 1635 5382 cum
1653 5328 1681 5382 in
1701 5328 1883 5399 descriptione
1902 5347 2046 5387 causarum
2064 5333 2166 5389 diluvii

335 5396 424 5497 ,0ζέῗὲ
462 5433 496 5471 ex
516 5420 540 5471 6.
561 5421 584 5469 l.
604 5421 632 5467 et
650 5420 673 5470 8.
695 5432 718 5470 c.
744 5414 823 5471 Rom.
844 5415 983 5481 desumta,
1008 5413 1138 5469 succedet
1164 5415 1299 5485 posterior
1327 5419 1371 5473 hic
1390 5421 1514 5471 versetur
1532 5414 1651 5484 Spiritus
1669 5422 1789 5471 sanctus.
1821 5422 1844 5470 4.
1864 5415 2041 5488 Figmentum
2058 5422 2165 5493 cogita.

333 5500 372 5591 ξιξ
385 5509 436 5591 225·
461 5519 496 5557 ex
515 5501 576 5557 aliis
589 5498 747 5570 Scripturas
764 5501 830 5556 locis
848 5502 1019 5572 deprompta,
1038 5502 1067 5554 in
1085 5502 1164 5571 cujus
1184 5503 1300 5575 ἐργασίᾳ
1327 5504 1432 5559 tionum
1450 5502 1551 5556 dicitur
1569 5501 1612 5567 17¹!
1633 5507 1742 5555 tautum
1760 5502 1871 5571 malum,
1890 5505 1965 5574 quod
1981 5505 2064 5559 nimis
2074 5506 2167 5564 diluto

335 5606 382 5642 run
401 5612 449 5643 ms·
461 5588 560 5644 itidem
583 5586 703 5656 vestigia
717 5586 879 5642 Bellarmiui
901 5604 1054 5659 sequemur.
1090 5584 1160 5641 Gen.
1179 5593 1208 5657 6,
1227 5605 1251 5642 v.
1272 5594 1300 5643 5:
1326 5590 1461 5660 interpres
1478 5588 1595 5642 Latinus
1619 5587 1701 5643 vertit
1722 5588 1920 5659 cogitationem
1935 5591 2026 5647 cordis
2045 5608 2106 5649 esse
2124 5594 2167 5648 in-

344 5664 365 5693 *
465 5676 572 5731 Cuncta
591 5674 723 5742 copitutio
741 5674 836 5726 cordis
855 5682 962 5728 tontum
980 5675 1058 5727 mula
1076 5675 1153 5727 omni
1170 5683 1300 5743 tempore,
1327 5683 1431 5731 tentam
1448 5674 1484 5730 ad
1502 5674 1613 5727 malum.
1643 5675 1748 5746 Estque
1765 5675 1975 5743 particulatam
1990 5678 2168 5749 exclusionis,

463 5760 535 5817 Gen.
553 5768 578 5830 8,
596 5779 622 5814 v.
636 5765 680 5815 21:
702 5760 738 5812 ob
755 5760 955 5815 adolescentia.
984 5759 1013 5816 Si
1031 5755 1194 5831 figmentum
1211 5760 1301 5815 cordis
1326 5771 1385 5819 tum
1403 5760 1605 5818 extenuationis
1623 5761 1739 5816 docente
1756 5760 1886 5817 Fiirstero
1903 5763 1932 5818 in
1949 5763 2046 5833 lexico,
2065 5781 2167 5822 sensus

462 5847 575 5903 humani
591 5854 701 5902 tantum
718 5843 822 5900 malum
840 5845 915 5900 omni
932 5852 1072 5918 tempore,
1098 5847 1195 5919 utique
1217 5847 1301 5904 etiam
1325 5850 1413 5922 igitur
1432 5847 1499 5916 erit,
1525 5846 1599 5917 quod
1623 5845 1784 5918 figmentum
1806 5847 2004 5919 cogitationum
2021 5856 2113 5906 totum
2131 5868 2168 5909 ec

463 5934 689 6007 concupiscentia
709 5947 798 6008 prava
821 5932 963 6002 epeccati
982 5933 1158 5990 accusatione
1174 5950 1230 5990 non
1250 5951 1300 6007 po·
1326 5951 1436 6006 semper
1454 5933 1559 5989 malum
1575 5931 1717 6004 usquead
1737 5931 1905 5989 levissimum
1922 5940 2036 5995 motum.
2065 5943 2090 5995 5.
2105 5937 2168 5996 lda-
