5017 6675
883 602 1441 680 numennumtnuomus.
1944 616 2023 686 iss.

315 778 430 846 practer
457 772 598 830 naturalia
623 772 697 831 dona
723 773 805 832 etiam
831 776 1051 849 supernaturalia
1075 791 1152 832 acce·
1180 770 1405 845 Repondmus:
1432 781 1454 833 1.
1476 775 1611 835 Memoris
1631 776 1677 833 hic
1699 773 1849 848 metimus
1865 788 1911 844 es,
1937 790 2009 847 quas

315 861 401 931 pisse,
418 876 477 914 non
495 876 637 932 negamus,
655 861 722 916 DEI
742 863 814 918 donc
827 863 966 934 justitiam
976 868 1152 920 'mncmatam
1178 858 1264 916 habet
1280 862 1454 934 Augustinus
1472 863 1550 934 epist.
1568 868 1609 920 29.
1627 864 1664 918 ad
1680 863 1849 934 Hieronym,
1870 876 1932 916 cum
1949 859 2008 932 qui·

314 963 436 1018 superne
455 946 511 1018 ipsi
535 947 645 1017 datam,
669 963 725 1002 uon
742 964 889 1022 negamus,
907 950 1044 1022 baddam
1070 947 1153 1021 origi·
1179 946 1244 1002 dam
1263 948 1364 1004 nuisset
1382 949 1412 1004 in
1431 955 1553 1022 puteum,
1572 950 1620 1006 ubi
1638 967 1712 1022 squa
1729 954 1809 1005 tanta
1821 953 1888 1013 erat,
1904 944 2009 1002 uteum

315 1033 409 1089 nalem
436 1033 601 1090 vestimento
627 1036 780 1106 comparari
804 1041 899 1107 posse,
927 1053 984 1091 nou
1012 1052 1153 1107 negamus,
1178 1032 1268 1106 mags
1287 1034 1438 1106 exciperet,
1455 1053 1491 1092 ne
1509 1043 1668 1106 moraretur,
1687 1051 1770 1107 quam
1788 1033 1950 1104 suffocaret,
1973 1049 2009 1088 ne

317 1126 495 1176 concreatum
522 1119 601 1193 illam
626 1121 820 1178 rectitudinem
848 1138 908 1178 esse
931 1137 966 1177 ac
994 1121 1049 1176 dici
1072 1137 1153 1193 posse
1178 1119 1351 1191 loqueretur,
1376 1123 1494 1177 accessit
1521 1122 1591 1177 alius
1617 1129 1646 1178 et
1662 1138 1695 1178 eo
1711 1121 1772 1176 riso
1794 1121 1935 1176 sdmbaus
1961 1118 2009 1187 ait,

316 1205 452 1279 gratiam,
477 1207 528 1261 sed
546 1223 580 1262 ex
597 1206 647 1282 his.
659 1206 787 1263 omnibus
804 1207 1035 1279 nondumpotest
1050 1206 1153 1275 inferri,
1178 1205 1318 1276 quomodo
1335 1206 1391 1262 huc
1407 1209 1549 1264 cecidisti?
1566 1215 1596 1264 at
1614 1208 1675 1272 ille,
1695 1208 1823 1277 obsecro,
1842 1206 1947 1279 inquit,
1964 1221 2009 1261 co·

316 1309 373 1347 nou
392 1291 480 1347 tuisse
498 1309 561 1348 eam
578 1292 668 1364 primo
686 1291 790 1348 homini
806 1294 967 1362 naturalem,
986 1294 1035 1348 sed
1052 1292 1153 1348 extrin-
1178 1290 1249 1362 gita,
1276 1292 1413 1363 quomodo
1436 1311 1480 1349 mc
1506 1294 1571 1349 hinc
1587 1293 1699 1363 liberes,
1725 1308 1781 1348 nou
1802 1292 1939 1364 quomodo
1956 1292 2011 1346 huc

317 1394 399 1433 secus
416 1376 542 1433 additam
560 1395 594 1434 ac
612 1379 864 1450 supernaturalem,
887 1394 1003 1451 quorum
1023 1382 1152 1434 nauum
1179 1377 1347 1434 ceciderim?
1378 1379 1416 1434 Et
1434 1380 1502 1453 quid
1520 1381 1677 1452 quaerimus
1693 1378 1738 1434 hic
1755 1378 1889 1434 illabeudi
1904 1378 2010 1444 rimam,

318 1462 348 1518 iu
367 1463 450 1520 dictis
469 1472 594 1520 veterum
614 1465 753 1520 meritur.
1178 1479 1242 1518 cum
1258 1465 1327 1520 satis
1353 1466 1448 1538 ampla
1465 1473 1547 1539 porta
1562 1473 1665 1539 pateat.
1700 1465 1785 1520 Primi
1809 1468 1938 1535 parentes
1960 1480 2011 1533 per

257 1558 271 1632 ἰ
354 1554 397 1605 89.
427 1550 550 1605 Tertiam
565 1556 790 1623 argumentorum
801 1550 918 1607 classem
929 1552 999 1622 petit
1010 1549 1153 1606 Bellarmi·
1178 1555 1326 1618 peccatum
1350 1551 1439 1608 libere
1462 1569 1493 1608 se
1514 1570 1532 1608 a
1553 1553 1615 1608 Deo
1640 1555 1811 1619 averterunt,
1834 1554 1895 1604 tota
1910 1555 2011 1604 natura

257 1643 289 1684 sb
317 1651 373 1690 nus
388 1650 424 1690 ‘ex
440 1637 557 1706 ratione,
577 1643 598 1693 l.
616 1638 748 1692 nnsrale
762 1645 802 1692 est
817 1638 932 1708 corpori
941 1638 1062 1692 animali
1071 1654 1154 1691 sensa
1178 1634 1300 1692 humana
1317 1637 1346 1691 in
1366 1638 1421 1692 illis
1441 1644 1510 1706 erat,
1526 1644 1556 1694 et
1575 1644 1652 1693 extra
1668 1638 1730 1693 illos
1749 1638 1785 1693 de
1804 1634 1932 1691 illsuihil
1942 1641 2010 1703 est,

257 1705 297 1787 :—
319 1730 346 1776 ct
363 1724 494 1792 appetita
515 1725 651 1794 praedito
672 1725 869 1794 concapa'sccre
885 1725 992 1779 bonam
1008 1724 1153 1791 aasabim
1179 1720 1242 1777 ideo
1259 1727 1319 1777 tota
1336 1722 1474 1779 infirmata
1492 1729 1520 1780 et
1542 1731 1674 1796 corrupta
1692 1729 1747 1786 est,
1770 1721 1902 1777 remansit
1923 1720 2011 1793 igitur

258 1807 306 1838 ¹*
319 1810 453 1863 nannete
471 1818 512 1863 est
531 1811 674 1880 appetitui
689 1811 838 1881 spirituali
847 1813 1041 1881 concupiscere
1054 1812 1153 1864 bonam
1179 1805 1208 1860 iu
1233 1823 1268 1861 ea
1290 1807 1416 1864 debitum
1431 1809 1572 1880 justitiae,
1596 1827 1680 1882 quam
1699 1809 1821 1880 accepit,
1840 1815 1869 1863 et
1886 1806 2010 1862 debitum

257 1929 263 1940 ·
319 1896 486 1965 spirituale,
505 1913 593 1964 pacare
617 1899 645 1950 si
655 1898 712 1967 fiat
728 1916 786 1952 ana
805 1906 909 1952 namra
926 1914 959 1951 ca
978 1897 1090 1968 Spiritu
1106 1915 1153 1950 ra·
1179 1892 1383 1964 aaunaciendi,
1408 1895 1483 1968 quod
1510 1912 1572 1951 eam
1600 1895 1721 1951 deseruit
1746 1912 1810 1949 cum
1834 1894 1896 1964 ipsa
1918 1908 2010 1947 corru-

257 1963 424 2045 ssts‘onals‘
444 1989 471 2035 et
494 1999 611 2052 corpore
635 1984 756 2037 animali
783 1985 919 2054 conflata,
945 1983 1076 2038 nnarale
1098 1983 1153 2036 crit
1179 1979 1286 2049 ptious,
1310 1998 1394 2053 quam
1416 1989 1529 2053 propter
1552 1988 1696 2054 peccatum
1722 1980 1845 2036 incurrit.
1885 1979 2010 2034 Auselm.

257 2066 307 2147 ξιξ
320 2067 347 2120 cs'
371 2067 475 2122 bahem
502 2069 631 2122 diversas
659 2077 686 2122 et
706 2070 779 2124 inter
800 2087 830 2124 se
853 2077 1009 2140 pannones
1029 2085 1153 2138 propen—
1180 2064 1215 2119 de
1232 2082 1309 2123 conc.
1325 2067 1394 2139 virg.
1414 2083 1439 2124 c.
1458 2073 1487 2123 2:
1517 2069 1575 2123 Per
1597 2069 1698 2122 nuum
1720 2068 1857 2122 bominem
1880 2073 1939 2119 tota
1959 2083 2009 2118 na·

257 2162 277 2198 t·
319 2154 427 2207 sionm
455 2156 533 2223 quod
556 2170 621 2222 erpo
641 2155 733 2223 primi
752 2164 886 2225 parentes
902 2155 994 2209 nostri
1010 2163 1074 2209 ante
1088 2172 1152 2224 pcc·
1178 2157 1245 2205 tara
1258 2161 1392 2221 corrupta
1405 2155 1757 2222 maquansermcntata
1771 2159 1895 2221 peccato.
1922 2149 2007 2205 ldem.

257 2211 297 2250 μ
318 2246 411 2292 catana
426 2257 526 2309 pagna
543 2240 600 2294 iata
613 2241 1002 2311 densaramappctitionam
1017 2249 1153 2303 carerent,
1182 2242 1204 2292 l.
1227 2253 1278 2291 cur
1302 2237 1404 2294 DEUS
1426 2238 1509 2293 homo
1535 2255 1559 2295 c.
1584 2244 1624 2295 23.
1648 2245 1700 2295 etc.
1745 2238 1855 2294 Etenim
1877 2242 1909 2293 ut
1932 2242 2009 2291 recte

319 2326 424 2378 mna
451 2333 515 2379 erat
542 2326 773 2395 repensaturus,
802 2345 858 2380 non
890 2335 982 2380 amen
1011 2326 1152 2380 naturalis
1178 2322 1275 2378 scribit
1291 2323 1398 2378 Ludos.
1419 2322 1534 2379 Granat.
1556 2330 1596 2381 lt.
1613 2331 1677 2396 post
1693 2325 1774 2383 Pent.
1791 2339 1867 2379 cone.
1888 2329 1917 2380 l:
1940 2323 2034 2377 Pec-‘

319 2411 455 2465 conditio
489 2411 712 2482 Respondemus:
745 2417 767 2467 l.
786 2412 894 2468 Bonum
911 2412 1041 2468 sensibile
1059 2417 1088 2467 et
1103 2411 1152 2467 bo·
1178 2417 1270 2463 cetam
1289 2426 1387 2464 aaran
1410 2426 1504 2464 reram
1527 2419 1658 2465 naturam
1681 2414 1821 2480 indatur,
1840 2426 1911 2482 quac
1934 2409 2009 2479 pasc
2066 2479 2068 2483 Α

319 2513 385 2550 uum
403 2497 562 2568 spirituale,
588 2504 716 2568 respectu
738 2497 858 2575 bominis
881 2498 917 2552 ad
934 2498 1082 2570 imaginem
1099 2497 1153 2553 Dei
1178 2495 1248 2564 quid
1271 2496 1428 2566 attigerint,
1456 2499 1602 2550 destruant
1627 2506 1710 2567 atqsre
1733 2498 1924 2552 contaminant
1930 2514 1941 2563 ,·
1965 2494 2007 2546 sic

319 2583 439 2652 conditi,
459 2600 515 2638 non
531 2589 596 2638 suut
620 2584 772 2652 cennens,
796 2584 845 2640 sed
871 2583 1063 2654 subordinate,
1089 2601 1152 2639 cum
1177 2581 1249 2635 enim
1267 2583 1405 2649 modicum
1422 2583 1589 2647 fomentans
1602 2585 1825 2654 conspersionem
1844 2589 1931 2636 toturn
1947 2598 2009 2634 cor·

320 2669 392 2723 enim
411 2670 454 2723 ita
470 2669 598 2724 conditus
616 2669 701 2724 fuerit
716 2670 852 2735 Adamas,
868 2675 901 2724 ut
917 2670 947 2725 iu
965 2687 997 2726 eo
1013 2671 1152 2743 appetitus
1177 2669 1300 2738 rumpit,
1317 2669 1359 2722 sic
1371 2686 1478 2738 parurn
1495 2671 1570 2723 aceti
1588 2677 1674 2723 totam
1690 2670 1810 2739 pretiosi
1824 2669 1884 2721 cini
1901 2667 2009 2721 doliana
2120 2715 2123 2729 ,

320 2754 468 2810 sensitirus
486 2754 568 2826 plene
585 2761 614 2811 et
632 2756 754 2826 perfecte
772 2756 899 2812 subditus
916 2756 1001 2812 fuerit
1017 2758 1153 2828 appetitui
1178 2755 1291 2808 acidam
1308 2756 1417 2823 reddit,
1435 2755 1475 2809 sic
1486 2772 1557 2808 unas
1568 2755 1647 2810 bomo
1661 2757 1750 2825 pertis
1764 2755 1859 2809 morbo
1875 2755 2010 2807 uenam

320 2840 457 2908 rationali,
477 2840 540 2895 ideo
556 2841 635 2896 nulla
653 2842 794 2911 dissensio,
813 2842 892 2897 nulla
908 2859 1004 2915 pugna
1017 2843 1062 2897 vel
1081 2843 1152 2898 iuter
1178 2848 1264 2893 totam
1282 2841 1449 2911 plerumque
1467 2843 1555 2911 inficit
1571 2843 1723 2907 natatem,-
1747 2842 1788 2895 sic
1813 2842 1930 2909 &nique
1952 2848 2009 2894 tor·

257 2927 462 2998 'Jtappetitus
488 2924 571 2983 hosce
587 2927 634 2982 rel
649 2927 720 2983 inter
737 2927 849 2998 objecta
864 2930 1037 2999 appetituum
1055 2929 1152 2983 horum
1177 2942 1242 2979 rens
1261 2927 1390 2981 turbidus
1408 2936 1434 2981 ct
1450 2945 1596 2993 cannones,
1618 2928 1645 2981 si
1663 2927 1889 2996 inpurissimum
1907 2927 2008 2995 influat

322 3013 473 3083 cogitanda
492 3019 541 3068 est.
576 3017 599 3068 2.
613 3013 848 3085 Distinguendum
860 3031 927 3086 ergo
940 3015 1011 3070 inter
1022 3015 1059 3085 id,
1077 3015 1152 3086 quod
1177 3013 1310 3082 nonum,
1338 3015 1430 3083 ineram
1457 3032 1564 3086 paeon
1589 3031 1736 3069 caenosam
1763 3032 1797 3069 ac
1822 3014 2008 3068 turbrslentam

321 3104 361 3153 cst
377 3115 430 3170 per
447 3115 478 3153 sa
497 3106 526 3154 et
552 3099 627 3171 quod
653 3105 695 3155 est
714 3117 765 3172 per
788 3101 924 3156 accidens.
960 3099 1041 3165 Quod
1057 3101 1086 3154 in
1104 3117 1152 3155 na·
1178 3099 1279 3153 reddit.
1323 3102 1374 3154 Ad
1396 3101 1469 3155 bunc
1494 3117 1560 3170 erpo
1587 3103 1700 3156 modurn
1721 3109 1881 3172 peccabam,
1907 3100 1955 3153 abi
1979 3100 2008 3152 in

321 3191 380 3238 tura
399 3192 532 3256 corrupta
548 3185 577 3240 hi
595 3187 735 3258 appetitus
758 3186 832 3242 inter
854 3204 884 3242 se
906 3193 1045 3258 pugnant,
1067 3187 1098 3240 id
1121 3187 1153 3241 lit
1177 3185 1314 3239 bominem
1330 3188 1464 3257 incuss-it,
1493 3195 1579 3242 totam
1602 3189 1712 3255 pencris
1735 3188 1851 3241 trimani
1867 3194 2010 3269 naturam,

320 3286 367 3341 per
384 3270 532 3340 accidens,
552 3279 666 3344 propter
683 3273 886 3345 corruptionem
903 3281 1019 3328 naturae
1036 3290 1069 3329 ex
1085 3273 1152 3327 vitio
1177 3289 1249 3341 puae
1266 3273 1297 3325 in
1315 3291 1372 3327 ano
1389 3274 1443 3328 illo
1460 3275 1570 3329 bomine
1589 3283 1663 3342 mat,
1688 3275 1817 3344 camapio
1842 3290 1892 3327 cuo
1911 3273 2010 3339 infecit

320 3358 449 3429 originali
477 3365 580 3428 ortam,
607 3360 724 3430 proinde
750 3358 848 3423 iratis
875 3359 924 3415 illa
945 3368 1030 3432 atque
1056 3376 1152 3432 pugna
1178 3369 1262 3429 atque
1286 3362 1421 3431 corrupit.
1466 3367 1491 3417 e.
1509 3361 1630 3416 Proinde
1653 3361 1783 3426 dicimus,
1806 3361 2009 3432 corruptionem

321 3444 494 3513 appetituum
513 3462 569 3500 non
586 3452 629 3501 est
649 3452 764 3500 naturae
780 3445 897 3500 bominis
913 3446 1070 3516 primaevae
1088 3462 1152 3501 cou-
1178 3454 1294 3502 naturae
1310 3446 1447 3502 humanae
1467 3453 1497 3502 ct
1513 3447 1691 3504 rebellionem
1709 3448 1799 3502 carnis
1824 3448 1860 3501 ad
1878 3446 2009 3517 Spiritum

320 3529 469 3595 naturalis,
499 3531 550 3586 sed
576 3531 771 3586 accidentaria.
808 3538 832 3589 3.
857 3532 1007 3603 Appetitas
1029 3532 1153 3587 sensitiri
1178 3539 1268 3588 onam
1285 3550 1344 3589 mse
1361 3552 1395 3589 ex
1412 3540 1527 3604 peccato
1543 3535 1694 3604 primorum
1712 3539 1864 3604 parentum.
1892 3531 1925 3586 In
1947 3548 2009 3603 pro

320 3616 454 3671 namralls
471 3622 501 3671 et
523 3616 666 3673 ordinatus
690 3618 808 3688 impetus
832 3623 889 3688 est,
912 3635 1012 3689 corpus
1036 3618 1099 3697 cibo
1125 3625 1154 3675 et
1178 3618 1306 3690 toplastis
1330 3619 1656 3699 transgressio‘actualis
1680 3618 1849 3690 praecedens
1876 3617 2010 3689 originale

319 3708 387 3772 potu
406 3718 578 3771 conservare,
598 3703 717 3772 speciem
734 3705 911 3774 generatione
928 3721 1084 3776 propagare
1099 3712 1151 3761 etc.
1178 3711 1325 3776 peccatum
1344 3705 1465 3775 ipsorum
1492 3710 1609 3759 natume
1631 3703 1821 3775 implantavit3
1846 3703 1907 3759 rice
1931 3719 2010 3759 versa

319 3786 397 3843 Haec
414 3786 503 3855 ὄρεξις
520 3806 570 3858 per
587 3806 617 3844 se
634 3806 690 3844 non
707 3797 847 3862 repugnat
863 3791 999 3861 appetitui
1015 3791 1152 3859 rationali,
1179 3792 1208 3845 in
1226 3792 1339 3862 reliquis
1353 3790 1510 3845 hominibus
1523 3791 1650 3846 omnibus
1663 3791 1723 3844 lues
1736 3789 1877 3861 originalis
1894 3797 2011 3860 peccata

319 3876 400 3943 cujus
428 3874 562 3928 naturalis
589 3881 617 3929 et
641 3875 785 3930 ordinatus
812 3876 930 3947 impetus
952 3883 995 3931 est
1016 3894 1151 3931 summum
1179 3878 1300 3932 actualia
1326 3884 1459 3948 tanquam
1489 3877 1552 3932 fons
1579 3884 1607 3933 et
1632 3876 1711 3931 radix
1740 3892 1834 3930 eorum
1862 3875 2008 3933 antecedit.

319 3960 425 4015 bonum
451 3976 558 4025 amare,
585 3960 665 4031 eique
693 3960 856 4017 adhaerere:
882 3963 957 4032 quod
981 3979 1045 4017 vero
1067 3963 1153 4019 -hodie
1179 3964 1348 4018 Harmoniae
1375 3963 1403 4017 in
1429 3970 1528 4018 natma
1554 3963 1684 4018 divinitus
1709 3961 1837 4017 conditae
1860 3960 2011 4016 destructio

319 4046 461 4118 appetitus
478 4046 626 4101 sensitis-us
643 4046 747 4101 illicitis
763 4046 911 4102 libidinum
927 4047 1045 4102 flammis
1056 4049 1152 4120 fertur,
1179 4058 1318 4106 estcausa
1330 4050 1409 4106 istius
1420 4050 1610 4121 corruptionis,
1628 4068 1682 4104 non
1701 4053 1794 4104 autem
1807 4049 1869 4119 ipsa
1880 4048 2011 4104 metense

318 4135 382 4205 plus
405 4131 462 4187 cibi
480 4148 514 4185 ac
536 4138 618 4201 potus
640 4132 749 4204 appetit
773 4148 856 4204 quam
881 4138 998 4189 naturae
1017 4137 1153 4205 convenit,
1179 4136 1300 4192 conditio
1326 4152 1375 4191 seu
1400 4137 1461 4207 ipsa
1479 4135 1596 4191 hominis
1611 4140 1719 4189 natura
1757 4135 1873 4191 &tanae
1890 4132 2008 4200 seduxit,

319 4220 347 4274 id
364 4219 398 4274 tit
415 4236 450 4274 ex
467 4218 644 4289 corruptione
663 4233 714 4288 per
730 4226 877 4289 peccatum
895 4220 1030 4290 originale
1053 4222 1082 4275 in
1105 4238 1152 4276 na·
1179 4223 1261 4278 home
1280 4222 1426 4282 consensit.
1447 4229 1475 4276 et
1491 4221 1531 4275 sic
1543 4228 1659 4291 utemuc
1671 4226 1817 4291 peccatam
1830 4220 1860 4274 iu
1877 4219 2010 4274 mundum

319 4312 409 4361 turam
427 4303 577 4359 humanam
593 4304 730 4363 ueduata
760 4312 783 4359 4.
802 4303 831 4360 Si
846 4305 973 4360 naturale
985 4314 1027 4362 est
1037 4312 1153 4361 naturae
1179 4308 1341 4364 introduxit.
1377 4314 1402 4363 4.
1423 4309 1456 4362 ln
1479 4312 1641 4378 argumento
1664 4305 1827 4361 Bellarmini
1849 4306 1932 4361 etiam
1957 4304 2010 4359 hoc

320 4409 354 4448 ex
385 4408 500 4462 corpore
530 4389 641 4446 animali
670 4398 699 4446 et
725 4390 831 4462 Spiritu
859 4391 987 4447 rationali
1018 4394 1153 4450 conflatae
1178 4395 1278 4450 vititm
1299 4400 1347 4464 est,
1367 4394 1440 4466 quod
1458 4392 1600 4464 curruptio
1617 4398 1734 4448 natumc
1748 4391 1885 4447 humanae
1902 4396 1931 4446 et
1947 4408 2010 4446 con·

320 4478 424 4533 babere
450 4477 573 4533 diversas
601 4478 675 4533 inter
699 4493 730 4533 sc
761 4484 920 4550 pugnantes
950 4480 1153 4549 propensiores,
1180 4481 1352 4552 cupiscentia
1368 4480 1468 4534 vitiosa
1486 4477 1657 4532 collocantur
1674 4477 1771 4532 saltem
1790 4478 1819 4531 in
1834 4476 2010 4532 inferioribus

320 4564 388 4636 quid
406 4564 457 4619 liet
473 4564 508 4619 de
526 4563 643 4633 Christo,
661 4564 709 4635 qui
725 4563 821 4619 itidem
839 4581 920 4619 verus
931 4564 1020 4630 homo,
1039 4581 1154 4636 corpore
1179 4568 1285 4623 viribus
1303 4566 1421 4621 hominis
1439 4564 1579 4634 emmelis,
1605 4564 1654 4619 sed
1675 4566 1756 4635 juxta
1780 4563 1952 4635 scripturam
1971 4563 2010 4619 lo·

319 4656 349 4706 et
373 4652 468 4705 anima
491 4650 619 4705 rationali
642 4650 804 4722 praeditus?
831 4649 899 4722 quid
926 4650 975 4705 flet
1003 4650 1039 4704 de
1059 4650 1154 4706 electis
1180 4654 1291 4725 quondo
1315 4669 1371 4707 uon
1388 4659 1497 4705 tantum
1512 4650 1552 4706 ‘de
1569 4650 1695 4721 appetitu
1715 4650 1771 4706 cibi
1790 4658 1819 4706 et
1836 4650 1951 4718 Veneris
1968 4650 2009 4704 iu·

319 4737 349 4791 in
366 4733 426 4792 rita
442 4743 563 4806 aeterua,
581 4736 630 4809 qui
646 4737 741 4791 itidem
754 4742 836 4791 eruin
853 4736 911 4790 reri
928 4736 1072 4791 homines?
1087 4753 1153 4790 num
1180 4740 1320 4807 ordinato,
1348 4737 1397 4792 scd
1421 4738 1456 4792 de
1480 4737 1565 4791 totius
1590 4742 1706 4793 namtas
1733 4738 1908 4809 corruptione
1935 4735 2009 4806 cogi-

319 4832 349 4878 et
374 4824 404 4877 in
431 4822 475 4877 his
509 4823 612 4878 donum
640 4822 852 4894 supernaturale
879 4828 1047 4889 statuemus,
1078 4823 1153 4894 quod
1179 4826 1311 4893 nudum,
1338 4823 1393 4878 luci
1419 4822 1572 4893 sapientiae
1596 4822 1708 4878 divinas
1732 4823 1760 4877 iu
1787 4830 1880 4879 ments
1903 4839 2009 4877 succes·

283 4928 286 4934 ·
318 4909 397 4964 illum
416 4907 557 4977 morbum,
581 4909 659 4962 illum
686 4908 850 4980 languorem
873 4915 989 4962 naturae
1005 4906 1073 4961 nul
1089 4907 1153 4962 odio
1179 4908 1424 4978 serunttenebras,
1443 4909 1626 4965 conformitati
1639 4910 1789 4964 voluntatis
1806 4927 1868 4963 cum
1885 4910 1948 4981 lego
1968 4908 2008 4962 di·
2022 4914 2060 4955 Ν.
2074 4914 2120 4956 tau
2148 4931 2153 4941 ¹

320 4996 435 5067 dignum
454 4996 556 5050 rosnat
573 5012 606 5049 ac
626 4996 724 5067 tegat?
745 4993 852 5049 ἔποπον
868 5001 913 5048 καὶ
935 4994 1037 5063 ἀσεβές.
1180 4998 1244 5052 vina
1263 4996 1396 5051 successit
1415 4996 1533 5060 evenio,
1560 4994 1590 5049 τὸ
1610 4994 1741 5069 φρόνημα
1764 4993 1878 5065 σαρκός,
1904 5012 2010 5050 summa

257 5096 307 5124 m·
354 5089 395 5137 tlt).
432 5081 522 5152 Urget
540 5080 725 5135 Bellarmiuus
744 5080 916 5152 potissimum
938 5081 990 5134 hoc
1008 5096 1153 5151 argumen-
1180 5090 1208 5139 et
1224 5082 1377 5154 praecipua
1393 5081 1482 5135 earnis
1501 5082 1638 5151 sapientia
1656 5089 1698 5136 est
1715 5080 1858 5135 inimicitia
1877 5082 2009 5137 adsersus

257 5148 307 5231 t'za
319 5174 394 5222 tum:
425 5168 576 5237 Correptio
598 5176 718 5228 naturae
740 5176 766 5220 st
784 5167 899 5221 rebellio
917 5168 1013 5221 curnis
1030 5169 1072 5221 ad
1090 5168 1153 5237 ept-
1180 5168 1305 5232 DEUM,
1336 5166 1447 5238 quaudo
1475 5166 1603 5219 uiminrm
1631 5166 1675 5220 rel
1709 5165 1794 5219 alium
1825 5165 1935 5224 DEUM
1966 5169 2010 5221 vel

260 5253 309 5333 ἵζ’,
320 5257 406 5309 rt'tam
423 5263 474 5309 eat
490 5262 532 5308 est
549 5273 568 5308 a
586 5256 651 5308 Deo
670 5262 720 5308 aut
743 5271 761 5307 a
775 5272 861 5323 paruo
877 5254 959 5307 veno
977 5262 1027 5307 orat
1043 5273 1063 5308 a
1079 5256 1154 5324 flata
1181 5255 1264 5310 aliam
1289 5253 1423 5308 rationem
1445 5250 1554 5306 colendi
1579 5259 1607 5306 et
1630 5250 1760 5322 placandi
1782 5251 1893 5309 DEUM
1915 5270 2011 5308 rerum

257 5351 301 5385 ¹¹⁸·
320 5343 459 5412 serpentia
482 5349 531 5393 aut
554 5359 573 5393 a
592 5341 677 5410 puris
694 5341 872 5394 naturalibus
891 5340 1026 5409 bominis,
1050 5350 1155 5396 remoto
1182 5342 1236 5397 sibi
1260 5339 1382 5410 effingit,
1408 5337 1452 5392 vel
1475 5337 1619 5392 veritatem
1643 5337 1790 5392 coelestem
1813 5339 1915 5395 irridet.
1950 5340 2013 5395 Hae

321 5433 395 5484 dono
418 5427 640 5498 supernaturali.
684 5427 743 5481 Sed
761 5426 865 5495 priora
888 5427 946 5479 tris
970 5428 1091 5480 wurdt
1114 5430 1156 5482 di·
1181 5426 1314 5484 tenebrac
1340 5423 1368 5478 in
1392 5430 1495 5492 mente,
1519 5424 1586 5477 haec
1607 5423 1714 5477 aversio
1737 5419 1767 5478 in
1791 5424 1933 5479 voluntate
1957 5444 2013 5481 non

320 5525 435 5584 σηπίαν,
458 5515 628 5583 relinquntur
650 5514 749 5581 igitar,
778 5514 857 5581 quod
878 5513 1002 5566 casamo
1020 5515 1156 5568 materiae
1181 5514 1309 5570 oriuntur
1335 5509 1423 5565 solum
1446 5527 1480 5563 ex
1503 5508 1628 5580 appetitu
1645 5509 1789 5574 sensitiro,
1812 5509 1860 5565 sed
1882 5526 1915 5564 ex
1932 5510 2013 5563 totali

319 5605 351 5658 in
377 5604 473 5673 primo
496 5602 605 5654 bomine
630 5600 666 5652 sit
692 5616 778 5651 causa
801 5598 927 5665 efficiens
949 5599 1034 5667 brejas
1061 5616 1156 5653 corm-
1183 5601 1232 5655 illa
1257 5596 1444 5653 destructione
1469 5593 1617 5649 voluntatis
1645 5601 1673 5650 et
1701 5594 1836 5669 ἁρμονίας
1864 5597 1894 5650 in
1924 5597 2013 5666 primo

315 5691 445 5762 ptions's:
468 5687 614 5742 mnemia
640 5703 728 5740 cansa
744 5685 780 5738 sit
798 5691 943 5753 peccatum
964 5684 1088 5752 Adami,·
1113 5688 1156 5739 di·
1183 5683 1307 5751 homine,
1330 5682 1423 5753 quoad
1449 5699 1493 5735 res
1517 5680 1673 5749 spirituales
1696 5690 1725 5737 et
1741 5684 1883 5738 coelestes.
1920 5688 1942 5736 i.
1964 5681 2013 5734 Di·

317 5779 388 5832 vina
406 5775 525 5845 jactitia
548 5773 678 5842 spolium
694 5771 831 5846 temnens
848 5771 923 5824 dono
943 5774 1159 5839 nspesrsataroli
1182 5773 1222 5827 cit
1238 5767 1431 5836 Bellarmiuus,
1449 5782 1561 5820 causam
1576 5766 1660 5837 thus
1672 5768 1736 5821 mali
1748 5784 1808 5823 esse
1825 5767 2012 5822 conditionem

319 5866 361 5920 sit
386 5877 475 5917 causa
503 5874 646 5913 removens
675 5858 900 5928 inpedimmam
925 5864 1005 5911 acus
1032 5862 1155 5915 secandi.
1183 5858 1329 5916 materiam
1360 5856 1437 5924 atqui
1465 5854 1581 5911 materia
1606 5854 1656 5909 illa
1679 5860 1723 5909 cst
1753 5869 1772 5908 a
1796 5853 1857 5908 Deo
1892 5854 2011 5918 condita,
