5017 6675
837 463 843 476 ⁸
879 510 1164 586 cummunione
1183 501 1234 566 er
1251 510 1555 571 nnnuoanmonu.
1827 530 1831 535 ¹
2026 508 2063 580 ἰι
2162 464 2165 467 ’

361 671 429 718 sust
447 669 573 721 nocensne
589 659 695 736 coedi,
712 683 767 736 pro
785 666 839 732 cis,
859 675 889 721 ut
907 675 1054 731 vocentur,
1073 669 1203 720 memus!
1231 684 1351 734 mapnae
1362 668 1422 722 dici
1431 668 1551 722 uinculis
1568 667 1691 721 ᾱιιιιιιιι
1708 666 1759 721 eui
1778 668 1901 736 calipius
1916 669 2067 723 reservatis

360 747 502 818 sumussic
531 755 603 808 enim
632 755 674 807 sie
698 754 909 824 praedestinati
934 760 1015 823 sunt,
1043 759 1074 806 ut
1100 753 1205 807 nostris
1231 758 1255 807 2.
1273 743 1348 808 Petr.
1369 759 1395 818 2,
1420 771 1445 808 v.
1469 761 1493 810 4.
1518 753 1607 824 Epist.
1627 752 1694 810 lud.
1718 770 1743 806 v.
1762 759 1787 811 e.
1823 754 1942 820 Quande
1964 755 2001 809 ad
2018 755 2066 810 bo·

363 841 1060 910 orationr'brssconeedanturetaccipiontcandem
1072 838 1204 908 matam,
1230 839 1317 894 mines
1339 839 1516 908 transfertur,
1543 838 1683 910 significat
1706 839 1736 894 in
1756 843 1857 910 genere
1880 840 1996 911 seligere
2016 839 2066 894 ali-

363 945 421 998 oua
440 927 529 981 veiint
548 944 606 982 esse
624 936 707 997 atque
728 927 892 996 efficiantur
911 926 1005 992 electi,·
1027 928 1106 978 Deus
1124 910 1313 1017 animiquem
1337 926 1373 979 ad
1393 926 1487 981 munia
1503 925 1616 997 publica
1633 925 1775 993 obeunda,
1803 925 1862 980 sire
1879 926 2067 981 ecclesiastiea

365 1014 414 1084 proi
440 1015 550 1078 omnia,
578 1032 650 1084 qrsae
668 1014 906 1084 praedestinavit,
933 1012 1070 1082 impleuit,
1098 1012 1161 1064 idco
1180 1019 1205 1064 ct
1230 1027 1266 1065 ea
1284 1011 1340 1067 sint
1358 1012 1415 1067 sive
1434 1012 1556 1082 politica.
1591 1012 1677 1066 arod.
1700 1017 1738 1075 18,
1756 1029 1782 1065 r.
1803 1016 1847 1066 25:
1866 1012 1950 1080 clepit
1966 1014 2066 1080 Moyse

361 1117 417 1169 pro
435 1100 559 1153 mimicis
574 1100 648 1169 fidei
666 1117 750 1154 orare
769 1118 821 1154 nos
836 1100 939 1168 voluit,
964 1106 995 1151 ut
1017 1098 1082 1151 irinc
1101 1097 1205 1151 intelli·
1230 1098 1305 1151 uires
1330 1100 1421 1164 fortes
1444 1116 1477 1152 ea
1494 1099 1570 1152 omni
1586 1099 1695 1152 Israc'le
1721 1105 1746 1150 et
1762 1098 1906 1151 constituit
1924 1115 1970 1151 eos
1983 1114 2067 1169 super

364 1202 504 1253 paremus,
532 1186 709 1254 quodetiam
727 1184 788 1254 ip'sc
807 1179 968 1251 infidelibus
985 1186 1081 1252 donet,
1099 1189 1129 1235 ut
1147 1198 1205 1235 cre·
1231 1185 1327 1237 Israel
1344 1190 1396 1241 etc.
1432 1183 1546 1240 Denter.
1568 1189 1611 1247 18,
1632 1201 1658 1238 r.
1677 1191 1700 1239 5.
1722 1185 1813 1253 :psum
1834 1183 1995 1255 (Aaronem)
2014 1183 2066 1238 ele·

366 1273 436 1325 dant
463 1279 489 1324 rt
520 1272 643 1325 uolentes
671 1287 703 1325 ea
729 1271 886 1324 nolentibus
917 1271 1017 1336 faciat.
1059 1269 1205 1324 Hactenus
1230 1271 1283 1339 pit,
1304 1271 1457 1339 ἐξελέξατο,
1476 1271 1558 1323 Deua
1580 1271 1716 1323 crunctis
1732 1270 1864 1326 :menum
1904 1273 1925 1325 1.
1946 1268 2065 1326 Samuel.

365 1357 558 1429 Augustinus,
582 1375 664 1430 quem
684 1356 794 1412 omnino
814 1355 887 1412 vide.
1235 1361 1278 1425 10,
1303 1374 1329 1410 r.
1352 1362 1393 1412 21.
1419 1356 1454 1410 de
1473 1354 1568 1411 Saule:
1598 1355 1713 1423 uidetis,
1740 1371 1821 1424 quem
1846 1353 1957 1424 cleperit
1980 1357 2067 1412 Deus.

1230 1441 1298 1496 Luc.
1318 1448 1343 1510 6,
1363 1458 1388 1499 r.
1409 1447 1454 1496 13:
1476 1442 1602 1497 Oirr'stas
1622 1442 1707 1509 clepit
1725 1442 1872 1495 duodecim
1890 1457 1924 1494 cc
1942 1441 2067 1512 discipu

686 1567 894 1576 --.
1231 1529 1267 1581 lis
1297 1535 1323 1582 et
1346 1543 1393 1581 eos
1415 1527 1559 1581 constituit
1585 1527 1728 1596 apostolos
1751 1525 1935 1600 ἱιιιιξᾶμενος.
1972 1528 2067 1582 Actor.

1234 1618 1261 1676 1,
1284 1630 1309 1665 v.
1333 1618 1379 1668 tt:
1411 1615 1545 1681 Domine,
1571 1615 1685 1666 ostende
1710 1620 1789 1681 quem
1813 1613 1929 1680 elcpcris
1945 1618 1996 1668 etc.
2032 1613 2067 1667 In

646 1713 667 1775 0
685 1715 714 1774 Δ
730 1714 755 1776 p
774 1715 845 1775 Π
879 1713 926 1774 Π,
1229 1698 1321 1768 specie
1338 1704 1368 1754 ct
1384 1699 1414 1752 in
1431 1698 1562 1753 strictiori
1579 1697 1781 1769 significatione
1800 1703 1951 1768 usurpatur
1967 1698 2012 1753 rel
2031 1698 2067 1754 de

1229 1789 1288 1838 toto
1316 1785 1448 1839 ecclesiae
1473 1788 1570 1848 coetu,
1605 1801 1688 1854 quem
1719 1799 1752 1836 ex
1784 1783 1912 1837 omnibus
1942 1783 2065 1839 cacabus
2127 1789 2130 1794 ’

369 1852 809 1920 ΕΧΡΒῙΟΑΤῙΟΝΕΜ
854 1847 1203 1944 ΤΕΒΜῙΝΟΒΠΜ
1231 1878 1259 1924 ιι
1290 1871 1419 1942 gentibus
1450 1870 1502 1925 sibi
1531 1868 1608 1924 Deus
1635 1887 1686 1938 per
1712 1868 1825 1924 verbum
1851 1858 1958 1939 colligit
1981 1871 2012 1924 ιι
2037 1869 2066 1924 in

650 1955 921 2022 PROPONIT,
1142 2024 1145 2029 .
1230 1957 1363 2028 populum
1381 1953 1542 2031 περιούσιον
1563 1955 1662 2026 elegit,
1683 1953 1766 2010 Dent
1785 1962 1815 2022 t,
1849 1973 1875 2010 v.
1903 1962 1950 2011 37:
1984 1957 2067 2025 clepit

1232 2046 1312 2096 Deus
1336 2059 1427 2108 semen
1447 2050 1563 2112 patrum
1586 2059 1708 2095 suorum.
1731 2057 1754 2095 c.
1777 2047 1806 2109 1,
1826 2059 1851 2096 ν.
1871 2047 1902 2096 e:
1934 2041 2017 2110 clepit
2040 2050 2066 2096 te

307 2140 351 2179 um
403 2131 445 2182 23.
480 2124 665 2180 lranseamus
683 2125 720 2178 ad
732 2123 941 2194 explicationem
953 2122 1139 2190 terminorum,
1156 2120 1205 2193 qui
1231 2128 1341 2181 Jeroca
1365 2128 1396 2181 in
1415 2128 1554 2197 populum
1574 2127 1747 2197 peculiarem
1770 2132 1839 2194 ιιι,
1867 2125 1912 2197 vel
1936 2127 1971 2181 de
1993 2126 2064 2183 veris

307 2198 340 2280 ξ’
370 2213 397 2266 in
420 2211 474 2266 hac
490 2211 607 2267 materis
625 2210 715 2266 solent
736 2208 873 2280 usurpari.
909 2208 1032 2264 Hebraei
1051 2208 1107 2261 duo
1124 2222 1205 2261 voca·
1231 2213 1363 2270 ecclesiae
1380 2213 1525 2281 membris,
1545 2228 1617 2284 quae
1634 2229 1700 2267 vera
1717 2211 1773 2266 fide
1793 2211 1911 2279 Christo,
1929 2213 2065 2268 ecclesiae

308 2320 313 2331 ·
370 2297 436 2353 bul!
461 2297 583 2361 habent,
610 2296 711 2367 quibus
738 2295 860 2366 eligendi
886 2295 1021 2351 actionem
1049 2293 1205 2364 exprimunt
1230 2299 1324 2370 capiti,
1342 2299 1493 2354 adbaerent
1508 2306 1537 2353 et
1553 2297 1582 2352 in
1599 2297 2063 2368 eaperseverantusqucadfincm

371 2387 436 2458 ἾΠἏ,
457 2390 486 2440 et
507 2369 584 2455 5133
599 2383 683 2456 ¹th
705 2381 824 2450 delerit,
853 2382 936 2450 elerii
964 2380 1077 2453 quidam
1105 2384 1205 2451 putant
1230 2386 1311 2454 ritae,
1329 2384 1400 2455 Eph.
1422 2391 1443 2454 1,
1463 2401 1489 2439 v,
1507 2391 1536 2440 4:
1558 2385 1640 2450 clepit
1656 2402 1707 2437 nos
1723 2385 1803 2438 Deus
1821 2382 1851 2436 in
1869 2381 1981 2437 Christo
2000 2393 2064 2440 ante

368 2468 626 2539 essecompositum
638 2486 671 2524 ex
689 2468 747 2523 :et
768 2458 827 2517 ’1111
847 2466 1012 2536 candidum,
1033 2464 1114 2537 quis,
1133 2481 1205 2536 quae
1223 2472 1310 2541 jacta
1320 2472 1513 2542 furrdamenta
1530 2471 1635 2538 mundi,
1654 2467 1724 2524 hacc
1741 2474 1857 2524 vocatur
1874 2463 1972 2539 trieri
1983 2468 2066 2542 ,ripr-

370 2562 433 2610 snnt
451 2555 573 2610 eandida
596 2559 624 2609 et
641 2553 779 2624 ingenua,
797 2553 938 2624 eliguntur
953 2560 982 2608 ct
999 2551 1203 2623 approbarunt
1233 2579 1289 2622 ιιις,
1312 2557 1387 2612 unde
1413 2557 1496 2612 etiam
1522 2555 1704 2626 metonymice
1728 2572 1782 2610 vox
1799 2555 1913 2626 ἐκλογῆς
1930 2573 1981 2626 pro
1998 2557 2066 2627 ipsis
2107 2550 2112 2555 ’

370 2641 483 2714 qnidam
508 2640 607 2696 dicunt
629 2640 795 2712 participare
818 2657 881 2695 cum
898 2640 984 2694 verbo
1006 2638 1088 2714 '¹¹le
1110 2653 1128 2692 a
1150 2654 1205 2709 quo
1229 2644 1354 2716 personis
1372 2643 1409 2698 ad
1428 2643 1514 2698 vitam
1532 2649 1675 2698 aeternam
1691 2641 1787 2697 electis
1804 2641 1948 2711 accipitur,
1984 2642 2065 2698 Rom.

310 2739 345 2783 ιιι
370 2735 401 2782 nt
417 2726 633 2798 transpositione
653 2731 761 2781 tanturn
779 2726 935 2793 literarum,
961 2724 1002 2780 ita
1019 2722 1102 2779 modo
1119 2721 1204 2794 sigiri-
1233 2738 1272 2795 11,
1291 2748 1317 2786 v,
1338 2737 1361 2786 7,
1587 2798 1588 2803 ἵ

371 2813 470 2869 fictndi
487 2813 618 2881 differat3
638 2818 790 2882 usurpatur
806 2811 842 2868 de
859 2813 942 2867 rebus
959 2817 988 2866 et
1004 2809 1142 2881 personis:
1168 2808 1203 2862 de
1264 2824 1306 2874 25,
1343 2817 1415 2872 Sunt
1433 2819 1462 2868 et
1479 2808 1534 2867 alii
1550 2813 1626 2884 apud
1644 2810 1765 2867 Graecos
1784 2810 1936 2881 voeabula,
1962 2812 2064 2883 quibu„
2079 2816 2113 2859 rr.
2129 2817 2173 2861 111.

370 2900 450 2956 rebus
469 2905 494 2956 2.
510 2898 622 2955 Samuel
640 2891 682 2968 21,
699 2915 727 2953 r.
748 2904 791 2954 12:
811 2899 895 2966 Elipe
913 2898 963 2951 tibi
980 2914 1067 2950 anum
1083 2911 1116 2948 cc
1135 2895 1203 2949 illis.
1229 2902 1390 2958 Hebraeum
1413 2901 1487 2974 11121,
1506 2898 1622 2971 eligere,
1639 2900 1808 2970 exprimunt,
1827 2900 1976 2968 διέσιιιὶιν
1995 2897 2065 2972 ἡμᾶς
2078 2886 2183 2939 ΒΥΜΜ·

369 2986 429 3043 Ilsa
451 2993 481 3051 l,
501 3004 528 3042 r·
548 2992 592 3042 15:
619 2994 651 3039 ut
669 2986 742 3039 sciat
762 2985 916 3055 reprobare
932 2984 1039 3037 maium
1056 2989 1083 3036 et
1101 2981 1204 3050 elipcrc
1229 2989 1243 3043 o‘
1267 2987 1332 3049 θεός
1366 2987 1448 3042 Num,
1471 2988 1517 3054 16,
1540 3002 1566 3039 v.
1590 2992 1615 3041 9.
1644 2987 1718 3039 viam
1742 2985 1870 3039 vacatis
1895 2948 2175 3059 ᾗριησάμηιιῗιῗιιῆῗ

370 3075 475 3127 tonum
512 3071 557 3127 De
574 3071 700 3142 personis
718 3070 830 3126 Denter.
850 3077 877 3138 1,
901 3087 928 3127 v.
949 3075 978 3123 7:
1004 3068 1088 3136 clepit
1110 3075 1136 3121 te
1153 3068 1202 3121 Jc·
1228 3075 1438 3142 Ρι.119,ν.30.
1461 3068 1509 3144 ἀφ’
1524 3060 1555 3137 ἧς
1567 3069 1669 3145 ἡμέριις
1686 3069 1795 3144 ᾑριιισα
1809 3067 1857 3125 τὸν
1869 3039 2065 3142 olsor'loparii
2078 3041 2173 3092 rums.

371 3160 438 3212 rma
454 3159 500 3213 uel
513 3159 543 3212 in
554 3164 580 3211 te
599 3157 710 3224 deiecit,
727 3156 756 3210 id
775 3161 817 3211 cst
829 3156 966 3211 delectum
977 3154 1082 3211 babuit.
1101 3153 1206 3209 Erech.¹
1228 3159 1328 3215 Ezecb
1346 3165 1393 3231 20,
1411 3176 1437 3214 v.
1456 3163 1479 3214 3.
1504 3156 1702 3231 ἀφωρισμένος
1727 3161 1765 3218 εἰς
1788 3153 1953 3228 εὐαγγέλιον
1984 3157 2064 3215 rum.

370 3250 408 3313 21),
424 3262 452 3297 v.
473 3251 504 3301 5:
523 3245 555 3296 in
573 3243 621 3296 dic
640 3244 764 3311 stipendi
779 3260 823 3296 me
841 3244 876 3296 in·
887 3243 998 3306 Israel,
1017 3241 1046 3294 id
1063 3246 1121 3307 est,
1138 3256 1202 3294 cum
1231 3253 1260 3316 1,
1278 3264 1303 3302 v.
1326 3250 1348 3301 1.
1374 3243 1462 3316 (quod
1480 3242 1630 3314 respondet
1647 3242 1778 3299 Hebraeo
1795 3226 1895 3319 533³).
1916 3242 1959 3299 ὅτι
1978 3246 2065 3299 εἵλετο

370 3330 498 3403 ‘lignem
528 3329 596 3385 mibi
618 3328 766 3386 lsraiilem,
808 3328 842 3383 In
873 3327 999 3383 omnibus
1031 3325 1108 3381 bisce
1134 3325 1202 3382 locis
1230 3329 1302 3406 ὑμᾶς
1328 3330 1343 3386 ὁ
1367 3329 1433 3392 θεὸς
1458 3327 1504 3384 ἀπ’
1533 3328 1618 3403 ἀρχῆς
1644 3333 1682 3392 εις
1707 3334 1847 3403 σωτηρίαν
1872 3335 1897 3391 2.
1919 3329 2016 3387 'I'bess
2039 3337 2065 3400 2,

370 3424 518 3488 usurpatur
540 3416 657 3472 verbnm
680 3416 757 3491 Ἓξ.
791 3414 854 3470 Vox
875 3401 937 3487 513,
967 3413 1070 3485 legitur
1087 3412 1202 3467 'tantum
1228 3436 1254 3473 v.
1277 3423 1317 3475 13.
1339 3424 1392 3474 ιιι.

371 3504 486 3559 invoce
507 3502 619 3573 passive
643 3508 670 3556 et
689 3501 775 3557 habet
795 3499 1026 3571 significationem
1047 3499 1203 3569 separandi,
1264 3509 1307 3561 26,
1342 3503 1385 3557 Ex
1403 3501 1530 3558 omnibus
1549 3500 1626 3556 hisce
1643 3500 1836 3571 conspicuum:
1864 3505 1886 3555 1.
1905 3518 1998 3557 vocam
2016 3502 2065 3557 eli·
2079 3506 2117 3551 vu
2130 3520 2172 3549 ιο-

371 3589 487 3645 n‘reres
507 3588 544 3643 ab
561 3588 673 3657 aliare,
694 3588 751 3642 sive
769 3586 942 3658 personaab
959 3586 1016 3640 alia
1033 3602 1203 3656 personass-
1229 3592 1316 3659 pmdi
1354 3590 1496 3644 includere
1532 3584 1562 3641 in
1602 3585 1645 3641 sui
1686 3585 1887 3659 significatione
1925 3588 2066 3659 quandam
2079 3563 2188 3662 ξῆᾞιι

372 3682 481 3746 paretur
498 3678 529 3728 ct
545 3674 723 3730 discernatur.
754 3674 837 3730 Num.
858 3673 897 3740 18,
914 3690 942 3727 v.
961 3679 990 3729 9:
1010 3674 1086 3730 Num
1099 3690 1204 3743 partlm
1230 3676 1448 3749 separationem,
1484 3690 1539 3744 qua
1574 3689 1619 3726 res
1650 3672 1695 3728 vel
1725 3689 1845 3743 persona
1873 3673 1908 3728 ab
1938 3672 1995 3727 alia
2022 3689 2065 3728 se·

372 3770 409 3814 est
429 3761 523 3829 cobis,
550 3762 626 3830 quod
642 3761 785 3829 reparavit
802 3777 850 3812 cos
868 3760 948 3812 Deus
966 3776 984 3811 a
1003 3766 1081 3812 coda
1101 3758 1204 3827 Isratl,
1229 3769 1344 3836 paratur
1370 3768 1398 3817 et
1421 3762 1461 3815 sic
1480 3760 1517 3814 ad
1533 3765 1637 3821 certum
1655 3758 1722 3830 quid
1741 3758 1970 3830 cupieramus
1989 3759 2064 3830 quod

371 3846 398 3900 id
415 3853 458 3903 cst
475 3847 512 3901 ad
530 3845 652 3901 officium
671 3845 841 3901 sacerdotale
860 3843 964 3916 elegit?
1229 3839 1340 3921 Moyses
1360 3846 1428 3902 dicit
1446 3845 1531 3901 Dent.
1551 3851 1574 3914 l,
1590 3863 1616 3899 v.
1632 3851 1661 3902 ti:
1692 3846 1731 3899 Te
1749 3846 1833 3914 clepit
1851 3846 2006 3915 Dominus,
2033 3853 2065 3899 ut

307 3939 343 3990 lii·
403 3939 445 3989 24.
461 3931 649 4002 Ἐκλέγεσθαι,
668 3931 778 4002 eligere,
797 3930 891 3986 itidem
911 3928 1076 3985 transfertur
1093 3935 1152 3983 tum
1166 3928 1202 3981 ad
1229 3937 1268 3990 εἰς
1292 3936 1338 3989 illi
1359 3933 1482 4003 populus
1501 3932 1658 4002 peculiaris
1682 3948 1714 3985 ea
1732 3932 1857 3985 omnibus
1873 3933 2000 4002 populis,
2017 3932 2068 4001 'pur'

307 4013 428 4083 '’“bfflr
453 4025 514 4072 tum
532 4017 568 4072 tud
585 4033 725 4088 pemm-
760 4016 880 4081 01¹⁸de
900 4015 936 4069 ad
962 4032 1005 4070 ῐθῡ
1028 4014 1202 4083 tranimur,
1228 4031 1294 4076 sunt
1324 4021 1355 4074 in
1380 4018 1527 4090 serperficic
1553 4025 1662 4085 terrae,
1692 4016 1721 4071 id
1750 4017 1878 4074 Salomon
1907 4017 1948 4073 sic
1974 4018 2067 4074 reddit

369 4102 517 4175 significat
531 4120 589 4159 rem
613 4102 736 4173 aliquam
758 4101 874 4157 caeteris
892 4101 1032 4172 praeferre
1050 4101 1095 4156 vcl
1119 4101 1203 4157 ctiam
1232 4115 1253 4165 1.
1272 4108 1342 4179 Reg·
1369 4112 1399 4175 8,
1426 4124 1452 4162 v.
1478 4111 1523 4161 5³:
1555 4105 1599 4157 Tu
1621 4104 1765 4174 separasti
1781 4104 1934 4158 Israeliten
1959 4106 2012 4159 tili
2036 4104 2067 4158 in

369 4192 404 4245 sel
422 4208 504 4244 nsum
523 4189 687 4255 nobiliorem
705 4189 847 4259 deputare.
865 4187 965 4243 Gener.
986 4193 1026 4258 13,
1039 4205 1066 4241 r.
1085 4194 1130 4243 ll:
1150 4188 1203 4241 cle·
1229 4194 1433 4248 haereditatem
1463 4193 1499 4245 de
1528 4190 1668 4243 universes
1691 4190 1811 4259 populis
1838 4198 1938 4246 terrac.
1984 4190 2067 4261 Quot}

366 4279 408 4344 ait
429 4277 486 4329 eibi
506 4276 577 4329 Loth
599 4276 740 4345 terionem
762 4275 839 4329 circa
857 4276 1026 4344 lordum,
1053 4274 1203 4336 iifliioero·
1229 4280 1342 4350 Moyses
1362 4277 1430 4332 dicit
1445 4277 1529 4332 Num.
1552 4281 1595 4343 16,
1614 4293 1641 4331 r.
1660 4280 1683 4330 8.
1713 4276 1806 4328 Deum
1824 4291 1972 4345 separasse
1984 4276 2067 4342 filios
2128 4311 2134 4317 -

366 4361 450 4418 Dent
472 4367 512 4429 1²,
529 4378 557 4414 v·
578 4366 623 4417 1¹:
652 4362 743 4426 ems,
770 4377 848 4431 quem
868 4361 981 4429 supere
999 4360 1143 4424 Jclovat,
1170 4358 1204 4414 δν
1230 4366 1300 4421 Levi
1313 4366 1348 4418 ab
1360 4362 1512 4425 lucerua,
1530 4369 1559 4415 u
1578 4360 1770 4414 minanam:
1788 4361 1817 4413 in
1834 4361 2024 4430 memmae,
2036 4362 2067 4418 id

366 4450 515 4511 inurerer:
546 4445 686 4518 significat
711 4447 795 4501 curm
823 4445 978 4516 approbare
1004 4451 1034 4501 er
1059 4451 1203 4516 acceptum
1229 4450 1323 4506 David
1341 4456 1364 4505 1.
1382 4447 1475 4503 Parrl.
1490 4452 1529 4515 ιι,
1544 4464 1569 4499 v.
1583 4452 1607 4501 a.
1627 4445 1667 4499 im
1680 4445 1819 4516 exprimit,
1837 4447 1932 4501 Deam
1950 4447 2067 4515 capim

310 4570 312 4573 <
366 4534 485 4594 habere:
503 4533 568 4588 Esu.
587 4537 633 4602 58,
644 4551 670 4588 r.
688 4538 717 4587 6:
734 4549 800 4585 num
818 4533 875 4586 lale
887 4532 1032 4601 jejunium
1051 4532 1130 4599 cupi,
1151 4532 1203 4593 ἔξε·
1228 4538 1349 4605 Leucae
1369 4543 1399 4588 ut
1410 4540 1525 4604 portent
1543 4550 1641 4585 arcam
1661 4539 1687 4585 et
1704 4532 1864 4586 ministrent
1881 4533 1916 4598 ei,
1935 4549 1991 4604 quo
2005 4550 2068 4605 perr

367 4619 497 4694 λεξάμηγ.
516 4619 547 4676 81
565 4619 602 4674 sd
614 4635 747 4690 personas
755 4618 928 4685 mammertus,
945 4625 1096 4688 usurpatur
1112 4616 1157 4673 vel
1169 4617 1205 4672 de
1228 4625 1300 4680 tinet
1316 4622 1364 4677 ille
1381 4619 1504 4692 phrasis,
1534 4616 1609 4688 quod
1627 4614 1663 4670 de
1682 4619 1786 4672 mando
1804 4620 1885 4696 Deus
1903 4620 2006 4686 eliperc
2024 4619 2067 4671 di·

366 4706 478 4763 Gbristc
495 4705 542 4761 rel
558 4708 593 4759 dc
609 4706 717 4777 angelis
728 4705 774 4759 rel
786 4706 821 4760 ds
837 4704 1004 4761 bominibus.
1037 4704 1083 4759 De
1093 4703 1204 4758 Christo
1229 4712 1303 4763 citur
1324 4707 1397 4774 (lob.
1416 4713 1456 4774 15,
1475 4723 1500 4759 v.
1522 4706 1580 4772 la);
1605 4703 1687 4773 cujus
1704 4695 1901 4759 observationis
1919 4721 1986 4758 usus
2003 4720 2067 4758 con·

366 4799 519 4864 metatur
544 4790 609 4845 1⁴¹⁶ss-
633 4797 680 4856 ⁴3:
701 4805 728 4844 V·
749 4797 788 4847 ¹⁰·
814 4789 976 4858 Mmhdir
995 4808 1021 4843 V·
1045 4788 1204 4845 ¹8²1501'15
1229 4804 1274 4850 tra
1303 4791 1465 4848 universalis
1495 4788 1637 4845 electionis
1666 4796 1885 4861 propugnatores
1916 4796 1940 4845 2.
1971 4805 2066 4843 vocem
2170 4811 2174 4817 ·

365 4884 434 4939 παῖς
451 4897 523 4951 μου,
547 4875 583 4932 ὃν
600 4874 766 4943 ἐξελεξάμην
782 4875 1000 4946 spartariam,
1032 4872 1066 4929 ir
1092 4872 1205 4948 ἴιιέτισα
1231 4880 1351 4952 eligendi
1379 4876 1525 4948 complecti
1550 4876 1579 4928 in
1603 4889 1633 4930 se
1657 4875 1808 4947 graeciam
1833 4874 2021 4943 dilacerem,
2049 4891 2068 4928 ι
2104 4946 2108 4951 ,

365 4964 445 5035 apud
470 4962 572 5019 mnu
595 4961 706 5016 Dicitur
732 4967 825 5017 autem
849 4961 975 5016 Christus
1002 4960 1103 5014 onnus
1126 4962 1208 5015 DEI
1230 4983 1287 5040 qua
1305 4965 1441 5036 originem
1457 4960 1548 5015 ducat.
1567 4961 1651 5015 Dent.
1672 4967 1701 5025 4,
1719 4978 1745 5014 r.
1766 4965 1813 5016 ³7:
1841 4960 1978 5022 Quoniam
1996 4957 2068 5014 diic-

365 5058 477 5120 mss,
502 5049 571 5121 quia
591 5048 768 5119 peculiariter
789 5046 842 5117 ipsi
868 5052 909 5101 eet
928 5045 1060 5114 dilectum
1088 5046 1205 5101 maxime
1231 5053 1272 5105 ert
1286 5051 1413 5105 Jelsocalr
1424 5057 1523 5119 patrer
1537 5055 1606 5114 tuos,
1625 5048 1706 5115 clepit
1718 5062 1809 5099 semen
1825 5063 1920 5100 eorum
1933 5052 2001 5115 post
2012 5061 2069 5101 eoa'

366 5154 432 5193 raro
463 5142 627 5208 propterca,
662 5134 729 5206 quia
757 5141 798 5190 rat
822 5135 851 5189 in
880 5139 992 5189 aeterno
1016 5132 1069 5188 Dei
1092 5132 1206 5188 coneilio
1230 5139 1345 5194 Denter.
1363 5143 1394 5203 1,
1411 5153 1436 5189 r.
1455 5140 1493 5190 δε.
1513 5142 1540 5186 te
1557 5134 1640 5201 clepit
1659 5133 1768 5186 Jelora
1788 5134 1868 5184 Deus
1885 5139 1962 5198 tuus,
1979 5137 2010 5186 ut
2028 5133 2069 5210 sis

367 5223 535 5278 constitum
565 5221 702 5278 mediatm
731 5211 768 5275 'et
801 5219 960 5291 redemptor
991 5224 1098 5288 nostem
1132 5218 1206 5272 unde
1232 5224 1280 5277 illi
1292 5222 1417 5292 populus
1430 5219 1596 5288 peculiares.
1625 5235 1650 5270 r.
1671 5224 1701 5272 τι
1722 5234 1777 5270 non
1797 5218 1865 5285 quia
1880 5217 1980 5287 plures
1998 5235 2068 5273 csse·

367 5308 400 5363 in
415 5306 590 5378 plenitudine
607 5306 739 5377 temporis
761 5306 894 5360 assumsit
912 5304 1060 5359 humanam
1078 5309 1206 5358 natnmm
1217 5310 1221 5376 Ι
1232 5309 1269 5363 tis
1284 5324 1359 5376 prae
1377 5307 1502 5359 omnibus
1518 5304 1643 5374 populis,
1663 5305 1767 5356 amarit
1783 5320 1831 5357 cas
1842 5304 1952 5358 Jelrooa
1972 5313 1999 5359 ct
2014 5306 2069 5360 ele·

367 5400 454 5466 atque
480 5394 510 5448 in
531 5409 567 5448 ea
585 5392 699 5449 serurit
717 5392 779 5448 Deo
801 5398 914 5463 propter
930 5391 1071 5446 bominum
1089 5380 1220 5498 salutem<
1232 5395 1273 5462 pet
1300 5410 1356 5447 vos.
1382 5409 1407 5445 v.
1431 5397 1461 5447 8:
1493 5386 1546 5444 sed
1569 5389 1637 5459 qaia
1661 5388 1798 5456 dilipebat
1822 5389 2013 5459 candelara,
2043 5398 2070 5445 ct

369 5480 468 5536 ΜιιιΙι
491 5486 544 5549 2⁰,
569 5498 596 5536 r.
619 5486 660 5537 28.
692 5477 737 5535 De
758 5478 866 5551 angelis
884 5486 1033 5550 usurpatur
1053 5485 1073 5535 1.
1090 5477 1162 5532 Tim.
1183 5480 1375 5548 5,=ensta‹lire
1392 5477 1501 5532 uolebat
1513 5475 1719 5545 juramentum,
1753 5475 1831 5544 quod
1848 5476 2001 5544 juraverat
2014 5491 2069 5547 pa-

368 5585 396 5623 r.
414 5573 461 5623 ²1:
486 5575 576 5622 testor
595 5585 691 5622 coram
709 5570 773 5621 Dco
796 5574 822 5619 et
839 5565 951 5619 Christo
970 5574 995 5620 et
1013 5566 1107 5619 matis
1125 5582 1208 5634 anpe-
1233 5565 1322 5619 tribus
1335 5564 1420 5619 Deut.
1439 5568 1478 5632 10,
1496 5579 1521 5619 r.
1537 5566 1581 5616 15:
1604 5562 1807 5614 Tantummodo
1823 5562 1852 5615 in
1865 5561 1997 5632 patribus
2013 5561 2070 5616 rats

369 5653 416 5707 lis.
458 5653 600 5709 Dicuntur
626 5658 720 5709 sutem
746 5650 840 5723 augeli
867 5650 966 5720 desti,
993 5651 1061 5723 quis
1089 5657 1154 5705 sunt
1179 5651 1209 5704 in
1235 5650 1439 5720 beneplacitam
1457 5656 1498 5701 cst
1516 5647 1657 5710 Jetooals,
1675 5652 1705 5698 ut
1724 5647 1854 5716 diliperet
1870 5665 1924 5717 eos,
1945 5656 1972 5703 et
1986 5648 2070 5715 'clepit

369 5739 444 5796 buno
460 5737 629 5808 confirmati,
656 5738 772 5810 reliquis
793 5731 872 5792 malis
891 5737 1000 5809 angelis
1017 5739 1048 5792 in
1064 5738 1208 5807 judicium
1234 5753 1327 5794 senen
1350 5752 1459 5805 eonem,
1486 5733 1571 5803 hujus
1593 5731 1792 5788 observationis
1815 5750 1882 5790 usus
1905 5738 1949 5789 est
1972 5738 2070 5791 contm

1699 5837 1738 5901 υ
