5017 6675
460 577 521 638 22⁶
937 518 939 522 ’
1124 561 1246 621 55555
1264 560 1489 620 5555555555

362 745 388 787 v.
403 743 448 787 111.
709 722 731 783 C
748 721 776 781 Δ
793 719 817 781 P
835 719 864 779 11
881 721 906 779 Τ
940 719 1043 783 v111.
1320 723 1341 774 1.
1361 717 1397 772 55
1414 724 1492 787 nupt.
1512 724 1541 772 et
1558 732 1637 772 eone.
1657 732 1682 772 5.
1701 720 1725 772 3.
1743 722 1795 770 etc.
1829 713 1951 769 Basilius
1969 718 1993 768 1.
2013 714 2049 767 55
2067 713 2152 782 Bapt.

460 845 523 911 ns
546 841 803 910 opums
826 839 931 907 ios
959 836 1292 906 555555
1306 803 1887 959 ι11111155111151
1902 801 2079 954 teta:

332 988 367 1030 ὓ·
381 997 436 1038 ⁰:⁸-
499 984 556 1035 103.
591 977 737 1034 Caeterum
760 976 834 1046 quod
858 976 986 1046 superius
1010 974 1143 1041 diximus,
1170 920 1384 1051 hominesitom.
1413 979 1437 1029 3.
1463 975 1514 1029 551.
1540 981 1597 1030 901.
1625 979 1768 1044 comparat
1794 991 1851 1025 aon
1874 979 2054 1024 renatorum.
2068 984 2157 1038 opera

331 1039 447 1139 difflui}
459 1066 583 1120 nondum
600 1071 709 1119 renatos
727 1062 796 1116 nihil
812 1063 865 1117 nisi
883 1079 1000 1133 peccare
1028 1078 1123 1132 posse,
1153 1077 1215 1114 oum
1241 1059 1295 1112 hac
1307 1056 1310 1111 1
1315 1061 1446 1129 paletria
1464 1078 1498 1112 ue
1507 1061 1769 1130 pretiosiorestihas
1782 1061 1987 1125 defunctorum,
1998 1057 2048 1125 551
2060 1072 2157 1109 maan:

331 1145 447 1243 ffiffi‘
459 1151 644 1222 explicatione
663 1149 864 1220 accipiendum,
884 1149 942 1203 siva
960 1149 1033 1203 actio
1057 1147 1106 1201 illa
1132 1146 1169 1200 sit
1194 1145 1295 1199 vitiosa
1321 1146 1701 1214 55115555555551555551,
1720 1162 1770 1198 aee
1787 1146 1923 1210 calorem,
1942 1144 1998 1196 cim
2018 1150 2068 1196 aut
2083 1159 2156 1195 emo-

331 1247 413 1287 sensu.
458 1256 509 1308 per
532 1254 575 1305 se,
600 1237 658 1291 sive
681 1242 794 1306 propter
811 1236 941 1290 accidens
960 1233 1059 1288 vitiosa
1077 1232 1142 1301 fiat3
1170 1232 1199 1285 id
1218 1229 1470 1302 quod:lamentum
1496 1233 1671 1302 5555551551.
1706 1231 1894 1301 Hieronymus
1917 1229 1946 1283 in
1965 1246 1989 1283 5.
2011 1235 2036 1285 8.
2073 1227 2156 1282 Zach.

460 1324 578 1378 dicimus
596 1327 709 1392 propter
727 1330 867 1376 externam
885 1319 1060 1390 disciplinam
1080 1326 1109 1373 et
1125 1317 1235 1372 civilem
1249 1319 1294 1386 ju·
1321 1324 1349 1372 et
1368 1318 1398 1371 15
1416 1336 1439 1371 c.
1459 1324 1484 1375 3.
1503 1316 1581 1372 Cal:
1607 1318 1674 1371 Siue
1692 1316 1803 1370 Christo
1829 1317 1919 1369 omma
1934 1316 2024 1368 uirtus
2042 1316 2074 1367 irs
2090 1315 2157 1368 vitio

459 1408 570 1476 stiriam,
581 1423 664 1477 quam
678 1406 761 1461 etiam
780 1406 925 1460 nonrenati
943 1403 1135 1475 aliquomodo
1153 1407 1294 1472 praestare
1305 1424 1309 1497 j
1320 1413 1369 1457 eat.
1405 1403 1533 1458 Ambros.
1553 1403 1598 1458 551
1609 1403 1707 1473 Ρ5555.
1731 1409 1752 1458 1.
1768 1403 1804 1456 55
1815 1418 1875 1456 555.
1896 1407 1972 1471 gent.
1993 1417 2016 1455 c.
2034 1405 2065 1455 3:
2085 1401 2156 1453 Aba·

459 1502 488 1549 et
499 1500 640 1548 externam
652 1492 845 1547 locomotivam
855 1508 951 1562 regere
963 1495 1086 1561 possunt,
1099 1504 1171 1559 quae
1180 1494 1295 1542 externa
1306 1500 1309 1555 1
1320 1506 1372 1557 555
1390 1491 1450 1543 aeri
1466 1490 1527 1544 Dei
1545 1490 1629 1556 55115,
1647 1506 1720 1555 quae
1737 1489 1868 1541 videatur
1879 1489 1995 1539 virtutes
2010 1501 2077 1553 esse,
2091 1501 2157 1554 pee-

458 1595 551 1649 55555,
569 1584 666 1647 utpote
677 1579 819 1649 cooperire
833 1578 947 1641 nudum,
966 1576 1113 1632 subvenire
1125 1574 1294 1645 periclitanti
1305 1584 1308 1647 j
1320 1583 1385 1628 eata
1402 1584 1478 1642 5551,
1502 1592 1552 1627 555
1568 1574 1685 1644 placere
1703 1576 1766 1628 Deo
1788 1573 1848 1626 aine
1872 1575 1935 1626 Deo
1958 1573 2036 1626 ullus
2055 1578 2159 1640 551551,

361 1664 655 1730 1.111.515;,1155115
678 1681 709 1718 se
734 1682 767 1719 ex
791 1680 893 1735 genere
919 1671 998 1718 actus
1021 1654 1535 1731 5ο551515555515,155155551)55
1556 1678 1614 1712 aaa
1631 1660 1741 1728 placet,
1766 1659 1812 1712 cai
1834 1659 1893 1711 5151
1913 1660 1970 1712 5151
1991 1666 2017 1711 51
2041 1657 2158 1710 diabolo

456 1758 549 1805 155555
562 1767 613 1821 per
624 1750 753 1804 accidens
764 1749 804 1818 111,
816 1755 847 1803 51
858 1756 974 1820 5555515
985 1749 1041 1802 5151
1053 1756 1081 1803 51
1092 1747 1153 1801 Deo
1166 1763 1222 1800 non
1233 1747 1293 1816 pla·
1314 1749 1432 1817 5155511
1466 1747 1588 1801 Δ5551ι5.
1613 1745 1641 1799 15
1667 1752 1706 1802 11.
1730 1746 1768 1800 55
1785 1745 1880 1799 Rom:
1906 1745 2003 1798 055515
2029 1745 2089 1797 cita
2115 1745 2158 1797 iu-

458 1843 552 1898 eeant;
582 1835 724 1902 nimirum,
748 1836 814 1906 quia
831 1852 949 1906 persona
966 1835 1089 1889 nondum
1107 1838 1150 1888 est
1170 1833 1232 1887 Deo
1250 1849 1292 1887 rs·
1312 1835 1443 1903 fidelium
1464 1842 1504 1887 est
1523 1841 1666 1901 peccatum
1684 1841 1709 1885 et
1725 1832 1785 1885 aine
1802 1849 1906 1885 aurnmo
1925 1833 1994 1885 hono
2016 1830 2090 1884 511111
2109 1830 2156 1884 55-

455 1922 604 1976 conciliata
622 1939 672 1993 per
690 1921 775 1976 fidem
798 1921 827 1975 in
851 1920 1011 1984 Christum,
1033 1919 1119 1975 Hebr.
1144 1924 1190 1982 11,
1214 1935 1241 1972 5.
1262 1923 1292 1973 u:
1318 1939 1391 1973 uum.
1415 1919 1489 1984 Quin
1506 1919 1565 1989 ipse
1580 1918 1754 1973 Lombardus
1770 1923 1794 1972 2.
1812 1923 1881 1973 sent.
1901 1916 2070 1972 51511151.
2090 1917 2157 1970 Nor

456 2009 601 2073 aiae-fide
627 2008 799 2076 impossibile
825 2015 865 2061 est
886 2009 1004 2076 plaeere
1034 2009 1105 2061 Deo.
1143 2004 1222 2058 Rom.
1252 2010 1292 2068 11,
1319 2006 1527 2060 irrationaliter
1549 2022 1568 2057 5
1589 2006 1755 2072 quibusdam
1771 2004 1941 2069 5515551155,
1965 2005 2043 2071 quod
2061 2019 2157 2056 amnes
2172 2009 2197 2049 V·

456 2110 481 2147 5.
509 2094 572 2148 ult:
604 2094 746 2162 Quicquid
770 2111 826 2147 noa
847 2095 885 2159 fit
911 2109 944 2146 ea
963 2094 1040 2159 fide,
1067 2100 1216 2160 peceatum
1244 2098 1292 2156 eat,
1319 2094 1443 2147 actiones
1463 2100 1488 2146 at
1504 2093 1660 2146 5515515155
1678 2090 1797 2144 hominia
1814 2090 1873 2143 siue
1890 2090 1954 2156 fide
1978 2089 2071 2141 malae
2088 2090 2156 2150 5151,

456 2177 509 2234 Tit
530 2187 551 2248 1,
578 2198 604 2234 5.
632 2187 675 2235 151
705 2179 895 2247 coinquinatis
920 2187 947 2231 et
972 2178 1133 2246 infidelibus
1155 2178 1228 2229 sitii
1253 2186 1293 2230 est
1320 2197 1390 2249 5555
1409 2179 1579 2245 5155155115
1597 2177 1842 2231 bamaeeasiatarrt.

456 2269 597 2322 mumdum.
621 2265 720 2320 Matth.
742 2272 770 2330 1,
794 2283 819 2319 5.
840 2271 886 2321 18:
910 2263 988 2318 mala
1014 2264 1101 2317 arbor
1125 2282 1181 2318 aaa
1199 2271 1293 2332 potest
1357 2272 1413 2322 1115,
1449 2264 1505 2321 Sed
1524 2270 1621 2335 aperta
1642 2264 1690 2317 illo.
1706 2263 1823 2332 veritas,
1849 2260 1924 2332 quod
1946 2260 2040 2314 omnia
2057 2258 2155 2313 infido·
2170 2256 2202 2348 ¹³¹:

451 2355 537 2419 serra
553 2355 668 2418 fruetur
686 2353 778 2406 boras.
798 2350 876 2404 Deus
888 2367 945 2404 non
958 2348 1109 2404 secundum
1121 2349 1292 2419 adspectum,
1319 2352 1386 2405 lium
1406 2368 1492 2422 opera
1508 2351 1565 2405 sint
1583 2358 1706 2421 peecata,
1730 2367 1747 2403 a
1775 2363 1893 2403 censura
1910 2346 2068 2401 Coloniensi
2087 2344 2155 2400 diei·

456 2437 505 2490 sed
524 2437 676 2490 secundum
695 2434 839 2490 veritatem
853 2436 976 2505 judicat,
998 2453 1045 2490 cor
1067 2435 1180 2505 respicit
1205 2435 1291 2490 5151·
1320 2445 1366 2492 tur
1383 2440 1467 2500 dura,
1487 2436 1657 2508 5555115555,
1676 2437 1807 2499 medelis,
1826 2450 1878 2488 nec
1896 2432 2030 2503 probatur
2050 2432 2157 2486 Bellat-

454 2521 520 2576 ficia
538 2539 593 2576 non
604 2539 639 2576 ex
652 2521 769 2590 actibus,
787 2521 837 2575 sed
849 2539 882 2576 ex
895 2522 1026 2576 mandato
1038 2538 1097 2589 suo,
1115 2537 1201 2575 eausa
1215 2537 1290 2588 vera,
1318 2525 1405 2593 mino,
1432 2523 1495 2578 ideo
1515 2523 1562 2577 lib.
1591 2531 1614 2579 5.
1634 2523 1669 2578 55
1687 2527 1758 2594 grat.
1785 2528 1813 2576 51
1837 2519 1884 2576 lib.
1902 2520 1960 2575 arb.
1980 2537 2003 2573 o.
2022 2518 2158 2589 1151555-

454 2608 588 2663 formast
604 2607 708 2663 finibus
726 2615 832 2678 pensat.
867 2609 947 2662 Bona
962 2607 1067 2675 utsint,
1086 2607 1157 2663 bene
1174 2624 1192 2661 a
1210 2607 1289 2661 bonis
1319 2615 1374 2679 tat,
1401 2627 1487 2679 posse
1516 2610 1616 2678 aliqua
1643 2610 1715 2662 dora
1742 2625 1829 2676 opera
1852 2608 1888 2659 51
1912 2606 2071 2673 infidelibus
2089 2605 2159 2671 fieri

454 2701 483 2749 et
502 2695 574 2749 bono
595 2693 649 2748 fine
669 2693 728 2750 lieri
746 2700 862 2764 oportet.
898 2694 1073 2746 Aestimatur
1097 2695 1290 2748 emissionum
1319 2697 1375 2749 rive
1399 2713 1461 2749 cum
1488 2696 1596 2749 5551115
1618 2695 1678 2749 Dei
1700 2693 1832 2763 speciali,
1861 2692 1918 2744 aiae
1943 2692 2013 2744 solia
2037 2699 2167 2744 5515555

455 2798 488 2834 ea
513 2798 599 2833 eausa
627 2781 751 2847 integra,
780 2779 891 2834 dicebat
916 2779 1080 2850 Dionysius.
1124 2780 1216 2849 Opera
1242 2779 1290 2833 illa
1319 2781 1431 2837 51511155.
1474 2784 1498 2834 l.
1525 2780 1674 2849 Scriptura
1702 2787 1834 2846 testatur,
1861 2780 1954 2831 Deum
1979 2777 2158 2830 remunerari

457 2865 629 2920 ethnicorum
653 2865 761 2920 etiamsi
782 2865 928 2921 videantur
951 2866 1089 2936 speciosa,
1114 2872 1207 2920 tamen
1226 2866 1292 2936 quia
1320 2867 1459 2934 quaedam
1487 2884 1575 2935 opere
1603 2866 1760 2934 perititiam,
1790 2865 1885 2932 atique
1914 2880 1979 2929 erpo
2008 2881 2063 2916 nou
2092 2870 2156 2915 suut

455 2960 591 3004 55115551
610 2970 629 3004 a
645 2957 707 3005 Deo
724 2952 807 3017 facta
825 2951 899 3020 (ioh.
913 2957 937 3021 3,
949 2970 974 3004 5.
986 2953 1040 3021 21.)
1059 2952 1122 3006 1555
1141 2952 1169 3006 15
1184 2952 1291 3022 judicio
1320 2953 1406 3020 55515,
1430 2940 1700 3021 511515555115155,
1718 2969 1774 3004 aaa
1792 2950 1979 3004 remuneratio
1997 2950 2059 3003 iilia
2077 2950 2158 3002 dede·

455 3036 588 3091 1)515551
606 3045 730 3108 peccata.
767 3037 845 3095 Nihil
864 3037 925 3093 Deo
947 3038 977 3093 in
1003 3038 1083 3093 nobis
1101 3039 1208 3109 placet,
1238 3038 1291 3092 nisi
1319 3045 1406 3092 retur.
1455 3037 1678 3107 Respondemus:
1717 3044 1829 3091 externa
1858 3034 2017 3090 obedientia
2043 3041 2158 3090 externa

455 3124 530 3193 quod
559 3124 619 3194 ipse
645 3126 675 3178 iu
701 3124 782 3179 nobis
810 3129 948 3195 operatur.
984 3122 1039 3187 Qui
1064 3123 1182 3193 Christo,
1210 3141 1291 3180 verae
1321 3125 1543 3178 remuneratione
1571 3129 1713 3194 pensatur.
1757 3122 1888 3176 Actiones
1910 3121 1975 3177 illae
2002 3119 2157 3183 infidelium

455 3208 506 3262 viti
523 3210 646 3265 noudum
664 3210 753 3274 insiti,
780 3211 915 3265 salutares
933 3210 1040 3264 fructus
1060 3210 1132 3267 ferre
1149 3218 1291 3282 nequeunt
1321 3210 1438 3265 civiliter
1456 3209 1546 3264 bonae
1564 3215 1642 3278 sunt,
1668 3209 1731 3264 idco
1755 3216 1787 3262 ut
1813 3208 1929 3263 societas
1949 3206 2073 3261 humana
2092 3223 2156 3262 con·

454 3293 517 3350 Joh.
540 3301 579 3360 15,
599 3312 624 3351 5.
643 3301 667 3351 4.
686 3296 809 3351 nondum
831 3297 921 3351 renati
944 3305 1008 3350 aaut
1030 3297 1140 3351 im‘miai
1155 3305 1244 3352 555515
1263 3299 1293 3351 ia
1321 3303 1459 3364 servetur,
1484 3295 1629 3366 temporali
1654 3293 1847 3350 benedictione
1865 3311 1883 3349 a
1901 3293 1962 3349 Deo
1979 3310 2158 3349 remuneran-

455 3380 586 3451 operidas
603 3382 689 3435 malis
708 3381 766 3437 Col.
787 3389 809 3451 l,
828 3401 853 3436 v.
875 3389 913 3437 13.
932 3391 996 3436 suat
1014 3384 1131 3436 oleastri
1147 3383 1226 3441 Rom.
1251 3391 1293 3454 ll,
1320 3389 1379 3453 tur,
1406 3383 1456 3439 555
1474 3399 1507 3437 ex
1533 3399 1565 3437 eo
1588 3398 1645 3437 non
1669 3379 1828 3435 efficiuntur
1845 3397 1910 3435 5555
1928 3386 1957 3435 51
1973 3380 2157 3451 spiritualiter

455 3482 482 3523 5.
503 3472 544 3522 22.
564 3475 629 3521 5551
647 3469 704 3533 filii
722 3469 783 3521 irae
795 3467 859 3523 Joh.
873 3475 897 3533 3,
913 3486 939 3523 5.
950 3475 990 3524 35.
1010 3470 1077 3541 quid
1088 3475 1181 3524 autem
1194 3470 1230 3525 ab
1242 3470 1293 3524 ini-
1320 3486 1413 3523 corum
1425 3468 1485 3523 Deo
1503 3467 1600 3523 bonae.
1631 3470 1658 3520 2.
1677 3466 1821 3528 Quaedam
1833 3467 2000 3536 Scripturas
2019 3467 2158 3536 15515551,

455 3552 534 3607 micis
556 3560 649 3623 potest
670 3552 764 3607 offerri
787 3553 918 3626 gratum?
944 3554 1006 3625 quis
1030 3555 1066 3610 ab
1091 3555 1209 3610 oleastro
1231 3572 1292 3626 spe·
1321 3556 1450 3624 1511515155
1466 3556 1563 3617 facere
1579 3554 1677 3622 aliqua
1693 3553 1765 3606 dona
1782 3570 1878 3621 opera,
1897 3560 1928 3605 ut
1945 3553 2074 3607 salutare
2091 3555 2157 3619 fra-

455 3638 560 3693 randus
577 3638 704 3693 fruetus?
730 3639 798 3711 quid
821 3657 838 3693 a
862 3640 976 3710 palmite
997 3647 1074 3696 extra
1093 3642 1176 3696 vitem
1195 3659 1291 3713 exspe·
1320 3651 1377 3695 tree
1393 3641 1493 3696 Matth.
1511 3648 1535 3695 5.
1553 3642 1658 3706 facere
1676 3655 1747 3708 quae
1770 3647 1834 3692 aaut
1853 3640 1924 3707 15515
1939 3638 2020 3695 Rom.
2039 3645 2063 3695 2.
2103 3638 2157 3695 Re·

456 3724 526 3779 ctari
541 3724 655 3794 potest?
681 3726 756 3780 unde
780 3726 816 3780 de
846 3724 989 3780 sacrifieiis
1013 3726 1161 3798 impiorum
1183 3726 1292 3791 dieitur,
1321 3727 1503 3797 spondemus:
1527 3726 1658 3781 dicuntur
1683 3724 1757 3779 bona
1780 3725 1825 3780 vel
1849 3724 2003 3779 seeundum
2020 3741 2157 3796 apparen-

456 3812 533 3879 qaod
556 3811 613 3863 sint
640 3811 857 3865 abominationes
884 3814 1008 3866 Domino
1033 3812 1114 3868 Prov.
1140 3820 1187 3883 15,
1217 3832 1243 3869 5.
1269 3819 1292 3870 8.
1321 3815 1389 3868 tiam
1410 3820 1525 3882 tantum,
1544 3813 1588 3868 vel
1605 3812 1671 3882 quia
1690 3810 1847 3865 substantia
1865 3810 1955 3880 operia
1972 3811 2002 3865 in
2023 3828 2052 3866 se
2074 3811 2157 3876 bona,

455 3894 520 3952 Esa.
540 3900 585 3960 66,
604 3914 630 3949 5.
649 3902 672 3951 3.
706 3896 771 3951 Esa.
791 3902 817 3966 l,
841 3916 867 3954 v.
892 3903 937 3953 12:
963 3898 1124 3961 1151515555
1147 3900 1294 3970 requisivit
1320 3898 1545 3969 155155515515,
1574 3898 1696 3968 objecto,
1723 3896 1778 3952 fine
1803 3896 1917 3951 5151115
1941 3896 2158 3952 circumstantiis

456 3984 491 4035 de
509 3982 637 4035 marsitas
655 3984 767 4047 restria,
792 3982 918 4052 ipsumam
939 3985 1081 4037 orationes
1099 4005 1154 4040 nor:
1173 3987 1294 4039 audiaa-
1319 3986 1375 4039 sint
1393 3985 1474 4039 mala.
1509 3983 1588 4039 Idem
1611 3983 1748 4054 judicium
1771 3983 1807 4037 55
1830 3982 1912 4036 515115
1935 3990 2055 4054 patrum.
2097 3983 2153 4038 Ra·

456 4076 511 4136 tar,
529 4067 592 4122 Esa.
607 4074 629 4137 1,
647 4085 673 4122 5.
695 4074 735 4123 16.
749 4069 867 4138 jejunia
884 4071 1075 4137 repudiantur
1091 4070 1155 4126 Esa.
1177 4078 1217 4142 58,
1230 4090 1255 4125 v.
1269 4078 1293 4141 5,
1320 4072 1408 4126 115555
1427 4070 1612 4125 Bellarminus
1623 4070 1702 4125 addit
1713 4070 1810 4124 itidem
1823 4069 1906 4122 duas:
1925 4074 1948 4123 1.
1961 4058 2158 4137 115115551551

456 4152 586 4208 nimirum
604 4153 670 4224 qnia
690 4170 745 4208 non
764 4172 797 4209 ex
816 4153 891 4222 fide,
911 4172 966 4209 non
985 4172 1019 4209 ex
1039 4156 1120 4212 eorde
1139 4175 1189 4227 per
1208 4157 1293 4212 fidem
1321 4159 1389 4211 dari
1405 4158 1493 4225 ratio,
1522 4174 1571 4209 eur
1596 4173 1684 4226 opera
1706 4156 1861 4224 infidelium
1885 4172 1993 4225 semper
2016 4155 2073 4208 siat
2087 4172 2157 4224 pee-

355 4256 381 4300 v,
400 4254 443 4299 :aa
457 4236 619 4309 purificato,
636 4257 692 4294 non
711 4256 744 4295 ex
761 4240 930 4295 conscientia
948 4240 1022 4295 bona
1040 4243 1201 4312 procedunt,
1221 4243 1294 4298 fiunt
1321 4252 1400 4308 5515,
1428 4261 1489 4296 eum
1512 4243 1589 4309 fiant
1614 4244 1782 4311 quaudoque
1802 4248 1923 4310 propter
1942 4242 2002 4295 Dei
2022 4241 2158 4310 51551555,

456 4323 486 4378 15
498 4330 635 4381 vetustate
651 4326 757 4396 literae,
775 4341 831 4380 non
848 4325 877 4379 in
891 4325 1014 4380 novitate
1028 4326 1155 4396 Spiritum,
1172 4329 1294 4384 referun-
1320 4346 1370 4382 aee
1387 4329 1519 4382 vitiaretur
1537 4346 1556 4381 a
1573 4346 1627 4380 sue
1644 4345 1740 4383 eausa.
1772 4326 1996 4397 Respondemus:
2018 4327 2157 4398 quomodo

457 4415 503 4464 tur
520 4427 576 4465 non
592 4411 629 4465 ad
639 4410 694 4467 Dei
712 4411 837 4483 gloriam,
856 4411 907 4465 sed
926 4412 962 4465 ad
980 4411 1090 4467 inanem
1105 4414 1280 4484 jactantiam.
1320 4431 1405 4484 opera
1422 4430 1474 4467 sua
1490 4414 1528 4468 ad
1548 4413 1607 4467 5551
1624 4412 1678 4468 Dei
1695 4413 1812 4483 gloriam
1830 4412 1969 4484 dirigunt,
1988 4411 2091 4483 quibus
2110 4430 2157 4469 55·

331 4512 444 4553 515555-
495 4501 551 4551 101.
586 4496 660 4552 Η155
678 4504 793 4568 veteres,
812 4498 975 4569 praesertim
992 4499 1182 4571 Augustinus,
1210 4500 1292 4557 toties
1321 4518 1366 4554 rus
1392 4499 1470 4555 Deus
1496 4505 1539 4555 est
1567 4497 1742 4570 incognitus?
1784 4498 1885 4555 Nullus
1912 4498 1982 4552 alius
2008 4505 2157 4554 55155555

331 4568 412 4606 Μ·
457 4588 587 4650 55551551
605 4582 664 4637 5155
682 4582 740 4639 fide
755 4583 833 4638 nulla
850 4601 915 4639 5555
931 4584 1007 4639 5555
1024 4602 1109 4656 opera
1126 4585 1186 4642 lieri
1202 4605 1292 4658 posse,
1319 4587 1406 4654 Deus,
1426 4603 1509 4656 quarn
1521 4586 1605 4641 Pater
1616 4583 1730 4639 Domini
1749 4583 1922 4639 5551511555
1941 4581 2054 4638 Christi.
2081 4584 2157 4649 Quo·

450 4682 566 4722 ,omnem
583 4668 670 4721 vitam
686 4668 839 4724 infidelium
857 4686 917 4724 esse
935 4677 1082 4741 peceatum
1101 4678 1154 4726 ete.
1171 4673 1291 4744 August.
1320 4673 1402 4729 modo
1427 4671 1538 4726 illorum
1563 4688 1647 4742 opera
1671 4689 1727 4727 non
1750 4677 1831 4726 eruut
1854 4669 1996 4724 immunda
2018 4674 2048 4724 51
2064 4669 2157 4741 inqui·

456 4752 504 4807 lib.
530 4758 553 4808 3.
576 4753 612 4807 55
634 4752 726 4809 Β5511.
755 4771 777 4809 c.
804 4762 833 4809 t:
864 4755 932 4809 Sine
951 4759 1027 4826 ficte,
1058 4775 1129 4828 quae
1153 4759 1292 4825 videatur,
1319 4766 1399 4827 nata,
1428 4776 1544 4829 quorum
1562 4775 1608 4812 eor
1627 4764 1670 4813 cst
1687 4756 1880 4811 immundum?
1907 4755 2046 4826 quomodo
2070 4771 2159 4827 opera

457 4840 529 4892 1555
548 4856 635 4909 opera
648 4842 678 4894 in
692 4849 811 4909 peceato
823 4851 976 4911 vestientur,
997 4844 1134 4913 quiequid
1147 4847 1219 4899 enim
1236 4866 1292 4902 aar:
1320 4861 1414 4913 corum
1433 4844 1494 4900 Deo
1513 4844 1624 4915 placere
1639 4848 1763 4914 possunt,
1784 4843 1831 4913 qui
1846 4843 1899 4913 ipsi
1910 4842 1971 4896 Deo
1985 4842 2156 4912 displicenti

449 4926 780 4996 11551155555551515
798 4934 845 4981 eat.
864 4926 927 4984 libr.
948 4934 964 4983 1
992 4935 1090 4984 contra
1106 4930 1201 4986 Julian
1220 4948 1243 4985 c.
1260 4937 1290 4987 3:
1319 4947 1437 5000 persona
1455 4929 1649 4985 nondumDeo
1670 4929 1849 4985 reconciliata
1866 4928 2015 4999 perfidem
2033 4928 2155 4984 inChri·

454 5012 536 5065 nulla
551 5019 642 5080 potest
661 5029 721 5065 esse
741 5029 808 5066 aera
825 5012 915 5066 m'rtaa
933 5014 991 5066 uisi
1007 5014 1036 5067 in
1058 5034 1104 5083 eo,
1129 5019 1179 5087 qai
1194 5019 1291 5087 justae
1319 5023 1410 5085 stum,
1428 5036 1483 5072 non
1500 5023 1617 5087 possunt
1633 5033 1697 5072 vere
1717 5015 1791 5070 bona
1806 5032 1891 5085 opera
1908 5014 1969 5070 Deo
1987 5022 2071 5089 grata
2087 5015 2154 5072 11551

455 5103 505 5164 551,
514 5096 612 5164 justus
628 5103 720 5183 autem
732 5113 812 5151 remo
830 5114 889 5151 ease
904 5107 996 5168 potest
1013 5100 1072 5154 aiae
1083 5103 1149 5166 fide.
1167 5101 1196 5156 in
1210 5109 1290 5158 tract.
1320 5107 1346 5156 2.
1366 5105 1401 5158 Si
1415 5104 1525 5157 5511515
1543 5122 1613 5173 opas
1632 5104 1731 5156 bouum
1742 5103 1808 5166 sieri
1820 5110 1915 5172 555551
1932 5102 1967 5155 ab
1986 5102 2158 5171 infidelibus,

454 5179 501 5236 Pr.
518 5187 563 5235 31:
581 5183 629 5234 Ea
646 5199 741 5252 opera,
760 5199 832 5253 qaae
851 5185 984 5237 dicuutur
1003 5194 1066 5238 ante
1082 5189 1176 5258 fidem,
1194 5208 1290 5257 quam-
1321 5190 1419 5243 :nelias
1445 5197 1516 5243 esset
1540 5190 1607 5243 illos
1630 5189 1709 5242 atala
1733 5207 1817 5258 quam
1841 5190 1913 5242 iona
1936 5204 2026 5258 opera
2049 5190 2157 5255 fucere

453 5266 496 5319 air
513 5266 663 5320 rideantur
679 5269 836 5322 1555151555
851 5269 1021 5337 laudabilia,
1041 5273 1229 5340 1555155551,
1249 5277 1292 5329 115
1318 5275 1542 5344 Respondemus:
1571 5274 1684 5328 Minime
1703 5290 1775 5343 vero,
1795 5274 1921 5346 quamvis
1940 5274 2013 5329 enim
2033 5276 2157 5331 actiones

454 5351 524 5404 milri
540 5351 668 5405 videatur
688 5371 747 5408 esse
770 5372 887 5423 maenae
912 5356 985 5410 vires
1010 5365 1036 5411 et
1060 5375 1159 5413 carrus
1179 5361 1292 5415 celerri-
1320 5359 1459 5415 moraliter
1483 5368 1510 5415 et
1537 5359 1654 5416 civiliter
1676 5360 1766 5415 bonae
1784 5377 1876 5416 coram
1891 5360 1946 5416 Dei
1967 5360 2079 5430 judicio
2101 5380 2157 5417 nou

454 5456 516 5491 mua
530 5446 649 5507 praeter
665 5439 745 5493 vium
781 5442 871 5495 Nemo
889 5451 1027 5512 compatet
1045 5461 1134 5513 opera
1153 5464 1206 5500 aaa
1225 5456 1292 5500 aute
1319 5446 1455 5501 51515555
1475 5446 1564 5502 bonae
1584 5446 1634 5502 sed
1658 5452 1788 5516 peccata,
1811 5454 1904 5502 tamen
1928 5445 1965 5500 ad
1990 5463 2157 5503 conservan-

448 5526 553 5591 fidem,
580 5523 628 5576 ubi
643 5525 719 5594 sides
742 5544 799 5580 aaa
824 5536 898 5592 erat,
925 5529 1024 5582 bonam
1049 5547 1119 5599 opus
1141 5549 1197 5585 sor:
1221 5541 1291 5586 erat.
1318 5533 1382 5586 dam
1402 5531 1511 5588 civilem
1533 5532 1694 5587 societatem
1712 5549 1730 5587 a
1747 5550 1803 5586 non
1825 5532 1928 5589 renatis
1949 5549 1998 5587 aas
2014 5532 2096 5589 Deus
2112 5550 2156 5588 ex·

455 5611 567 5664 Bonam
584 5610 657 5663 erim
677 5628 746 5680 5555
763 5613 879 5669 intentio
901 5615 990 5680 facit,
1016 5615 1195 5670 r'ntentionem
1212 5620 1289 5687 fides
1316 5616 1383 5687 igit,
1419 5618 1613 5690 delinquentes
1638 5612 1797 5689 puniendo,
1832 5618 1994 5676 obedientes
2022 5618 2155 5689 praemiis

455 5696 567 5765 dirigit,
583 5714 640 5750 aon
656 5697 740 5751 551515
760 5702 905 5767 attendas,
933 5701 1003 5769 quid
1020 5701 1101 5756 homo
1120 5702 1221 5772 faciut,
1239 5705 1291 5756 aad
1314 5701 1470 5760 afficiendo.

454 5782 532 5849 55151,
552 5782 717 5853 eumfacit,
735 5785 890 5854 adspiciam
912 5785 955 5840 his
973 5786 1075 5843 similia
1093 5787 1191 5843 scribit
1209 5796 1233 5844 5.
1252 5788 1288 5843 55
1352 5796 1408 5848 loo.
1451 5791 1520 5862 Cap.
1551 5798 1590 5848 111.
1619 5803 1735 5848 conatur
1759 5792 1945 5848 Bellurminus
1971 5791 2153 5847 smidaments
2164 5801 2202 5841 sse

453 5865 505 5924 tir.
536 5866 590 5925 Dei
614 5874 699 5929 512.
725 5874 765 5927 19.
788 5868 824 5925 de
847 5868 900 5926 515.
937 5870 991 5928 Dei
1012 5890 1036 5931 c.
1056 5878 1097 5931 15.
1132 5873 1285 5946 spirim.
1313 5876 1467 5933 ”amulius
1482 5885 1594 5935 nostrae
1610 5880 1780 5935 subvertere.
1816 5876 1957 5936 51115115
1974 5877 2053 5950 11115,
2080 5861 2202 5950 5551111.
