5017 6675
966 598 1018 654 DE
1036 597 1211 654 Puccnuo
1230 596 1441 656 emersam.
1968 648 1971 653 ·
1994 610 2052 669 tre

349 754 448 806 tatem.
459 749 518 806 sive
537 749 733 807 discessionem
749 767 768 806 a
783 751 840 806 Dei
853 751 949 808 verbo.
981 756 1006 807 2.
1016 753 1082 807 Noa
1096 753 1189 822 potuit
1216 750 1419 819 incredulitatis
1441 751 1533 823 prium
1557 751 1694 825 prolapsi,
1715 758 1815 823 postea
1836 751 1865 806 in
1884 753 2053 824 superbiam,

348 855 428 892 meras
450 837 607 908 primorum
627 845 782 907 pareatum
802 837 899 892 divino
919 837 1023 893 lamiae
1043 838 1190 892 illustrata
1215 836 1431 894 inobedientiam
1449 846 1476 894 et
1493 839 1577 902 saria
1590 843 1707 909 peccata
1726 843 1792 893 suut
1809 855 1827 893 0
1847 837 1957 895 diabolo
1974 857 2053 911 prae·

348 925 380 978 irs
393 941 518 978 errorem
535 923 642 986 induci,
660 923 717 977 0101
737 931 820 976 00100
833 940 889 992 per
908 925 1081 979 aversionem
1094 942 1112 977 0
1126 926 1189 980 Deo
1214 922 1337 994 cipitati‚
1361 929 1446 995 atque
1468 923 1521 979 hoc
1548 925 1630 979 modo
1652 923 1839 996 pulcherrima
1856 924 1967 980 divinae
1983 926 2051 991 ima-

268 1003 275 1011 ’
349 1010 456 1064 lamehe
474 1008 526 1064 1110
541 1008 645 1074 fuisset
666 1009 809 1079 destituta,
828 1027 894 1078 erpo
917 1010 1112 1073 infidelitatem
1126 1011 1188 1080 pri·
1214 1007 1287 1079 ginis
1311 1014 1450 1067 structura
1472 1009 1592 1080 inripsis
1619 1016 1662 1066 est
1687 1011 1793 1080 diruta3
1816 1012 1856 1066 ita
1874 1017 2052 1081 reparaturus

324 1100 327 1105 ’
348 1114 458 1153 morum
474 1103 625 1165 parentam
641 1095 801 1165 praecessit
820 1097 930 1150 aversio
950 1115 968 1150 a
980 1097 1067 1151 ΒΕΘ
1088 1104 1114 1150 01
1122 1114 1188 1166 pec·
1214 1093 1291 1150 Deus
1306 1095 1359 1150 hoc
1370 1096 1505 1167 templum
1518 1097 1646 1167 proponit
1661 1096 1765 1151 homini
1774 1097 1890 1152 verbum
1900 1113 1989 1163 sunm,
2003 1116 2053 1170 per

348 1190 451 1235 001000.
487 1180 714 1251 Respondemus:
733 1181 785 1235 ills
803 1182 910 1237 aversio
928 1200 946 1238 a
958 1182 1018 1237 Deo
1029 1181 1098 1236 nihil
1111 1183 1187 1237 aliud
1199 1166 1204 1270 1
1214 1180 1289 1250 quod
1298 1180 1419 1252 Spiritus
1431 1198 1452 1235 s.
1467 1182 1595 1237 accendit
1606 1180 1774 1253 fidem,qnae
1786 1189 1828 1236 est
1840 1181 2052 1239 fundamentum

349 1274 401 1336 001,
420 1283 504 1339 quam
519 1266 626 1322 0000010
646 1266 734 1322 01)οἰ
751 1267 850 1336 00011ος
878 1266 930 1321 0101
948 1267 1021 1322 enim
1039 1268 1121 1338 primi
1139 1268 1187 1323 ho·
1214 1265 1303 1320 omnis
1332 1265 1397 1320 boni
1425 1267 1525 1338 operis.
1574 1265 1780 1322 Contrariorum
1807 1272 1872 1321 sunt
1898 1269 2052 1326 contrariae

350 1353 439 1408 mines
459 1352 649 1413 satanicarum
676 1351 889 1424 praestigiarum
913 1346 1022 1407 nebirlis
1047 1353 1188 1408 alumine
1215 1350 1376 1406 affectiones
1402 1358 1430 1408 et
1455 1353 1594 1408 contraria
1614 1352 1736 1425 effecta
1756 1351 1841 1406 Fides
1859 1357 1887 1407 et
1904 1352 2052 1410 inereduli·

350 1438 432 1493 verbi
450 1455 480 1493 se
499 1436 602 1492 abduci
619 1437 696 1509 passi
712 1437 839 1506 fuissent,
858 1439 956 1510 utique
971 1455 1023 1493 nec
1043 1455 1061 1493 a
1079 1438 1140 1494 Deo
1158 1457 1188 1495 se
1215 1441 1259 1490 tas
1281 1441 1346 1490 sunt
1364 1438 1509 1492 contraria.
1546 1438 1622 1509 Ergo
1639 1436 1706 1492 fidei
1722 1443 1751 1492 et
1768 1437 1968 1493 incredulitatis
1987 1445 2052 1495 sunt

352 1523 520 1580 avertissent
545 1539 598 1578 nec
624 1524 653 1577 in
676 1523 823 1595 superbiae
841 1523 1001 1579 barathrum
1021 1525 1187 1595 praecipites
1213 1521 1368 1576 contrariae
1386 1523 1563 1593 affectiones,
1586 1522 1725 1579 cenuaria
1743 1522 1850 1579 effecta.
1887 1523 1927 1580 Ut
1945 1541 1978 1579 ex
1995 1523 2051 1582 fide

350 1610 527 1665 corruissent
578 1613 606 1666 3.
636 1611 735 1663 Mater
770 1610 947 1674 infidelitatis
976 1619 1016 1663 est
1046 1612 1187 1680 superbia,
1212 1607 1367 1677 procedunt
1384 1608 1473 1663 omnis
1487 1608 1597 1681 generis
1610 1608 1685 1663 bona
1696 1624 1788 1679 opera,
1805 1609 1846 1663 ita
1858 1626 1890 1665 ex
1902 1608 2051 1665 increduli-

348 1703 422 1752 teste
442 1689 564 1766 August.
588 1694 650 1750 libr.
675 1694 864 1765 depastorib.
885 1701 951 1751 08.
971 1697 1186 1766 0000000110
1212 1698 1271 1748 1010
1301 1693 1427 1749 oriuntur
1455 1696 1543 1751 omnis
1571 1695 1683 1768 generis
1709 1702 1839 1767 peccata3
1868 1696 1942 1768 quod
1968 1697 2051 1752 toties

349 1782 547 1852 infidelitatem
565 1781 771 1850 praeposuisset.
803 1781 1030 1852 Respondemus:
1051 1780 1187 1852 Superbia
1212 1778 1356 1849 Scriptura
1376 1781 1488 1851 asserit,
1516 1781 1624 1852 quoties
1649 1782 1873 1838 incredulitatem
1896 1782 2051 1854 principale

348 1867 486 1937 accipitur
520 1867 550 1921 in
580 1883 682 1939 genere
713 1885 763 1938 pro
796 1885 963 1941 quacunque
992 1868 1186 1932 inobedientia,
1213 1870 1241 1917 et
1258 1865 1379 1934 capitale
1398 1865 1467 1920 illud
1482 1871 1629 1937 peccatum
1648 1884 1707 1922 esse
1725 1867 1899 1937 pronuntiat,
1919 1886 1974 1941 quo
1992 1885 2049 1923 ma·

349 1970 405 2026 quo
433 1970 517 2009 sensu
540 1951 715 2025 Augustinus
742 1970 804 2010 eam
830 1954 975 2009 constituit
1000 1960 1117 2008 matrem
1144 1953 1185 2007 in·
1210 1956 1294 2004 nente
1322 1951 1431 2021 reliqua
1457 1958 1583 2022 manent,
1610 1969 1665 2024 quo
1697 1952 1807 2008 sublato
1835 1954 1917 2008 etiam
1941 1953 2050 2025 reliqua

347 2038 500 2107 fidelitatis,
520 2055 575 2110 quo
588 2056 671 2094 seusu
685 2038 767 2094 etiam
781 2038 946 2095 Scholastici
959 2039 1064 2104 dicunt,
1077 2039 1106 2094 in
1119 2054 1185 2110 quo·
1211 2035 1354 2090 tolluntur.
1390 2036 1454 2093 Joh.
1477 2044 1506 2107 3,
1525 2057 1550 2091 0.
1573 2044 1612 2094 18.
1634 2044 1662 2094 01
1680 2044 1723 2096 36.
1741 2039 1804 2096 Joh.
1829 2044 1873 2107 16,
1891 2057 1916 2094 0.
1936 2045 1959 2096 8.
1978 2044 2049 2097 019.

343 2126 416 2181 libet
445 2129 561 2195 peccato
591 2124 748 2180 virtualiter
774 2125 932 2196 snperbiam
959 2130 987 2179 et
1016 2131 1184 2181 contemtum
1210 2119 1289 2174 Rom.
1311 2128 1357 2190 11,
1381 2141 1407 2177 0.
1426 2129 1466 2179 2³.
1500 2124 1573 2195 Aug.
1592 2131 1670 2179 tract.
1690 2131 1732 2180 95.
1751 2125 1779 2178 in
1798 2124 1877 2181 Joh.:
1903 2128 2048 2198 1100000-

346 2211 415 2266 DRI
434 2226 605 2280 concurrere,
619 2210 686 2266 licet
704 2229 761 2266 uon
777 2211 944 2280 formaliter:
959 2212 1070 2281 proprie
1088 2218 1182 2266 autem
1210 2215 1304 2260 catam
1324 2210 1406 2276 qnasi
1422 2209 1513 2262 solum
1531 2211 1581 2273 sit,
1605 2228 1679 2279 prae
1703 2211 1820 2281 reliquis
1840 2213 1951 2281 pererit.
1978 2210 2056 2281 qaia·

347 2296 479 2367 superbia
506 2303 586 2352 notat
618 2296 739 2366 speciale
771 2297 911 2368 quoddam
937 2301 1096 2366 peccatum,
1129 2313 1185 2367 qua
1209 2294 1262 2346 loc
1280 2303 1408 2348 manente
1426 2305 1538 2349 caetera
1563 2298 1735 2363 detineatur,
1760 2305 1786 2350 01
1811 2297 1862 2350 boc
1888 2299 2047 2354 discedente

348 2381 551 2454 significatione
569 2383 598 2436 in
617 2383 779 2454 quaestione
797 2380 939 2452 accipitur.
969 2386 993 2435 1.
1012 2381 1185 2450 1000000110
1210 2386 1324 2431 caetera
1354 2381 1540 2434 dimittantur.
1587 2382 1662 2437 Vide
1691 2381 1801 2436 omnino
1827 2382 1890 2438 doh
1915 2382 1992 2437 Huss
2017 2383 2046 2438 in

344 2470 430 2539 prior
446 2469 645 2523 00100000νεί0
664 2469 959 2535 adbonamereatara,
977 2485 1061 2536 00000
1075 2467 1184 2520 uuerde
1210 2480 1328 2517 sermon.
1362 2465 1397 2520 de
1428 2465 1527 2523 elucid.
1557 2466 1604 2522 fid.
1632 2466 1730 2536 Mitto,
1761 2467 1835 2540 quod
1863 2469 2047 2538 apostolicum
2140 2490 2143 2501 ·

348 2556 390 2609 ad
406 2555 505 2607 bonam
523 2555 687 2624 increatum,
707 2555 844 2624 siqnidem
864 2554 974 2607 0000010
992 2569 1042 2607 000
1061 2554 1184 2607 1000001
1211 2549 1317 2604 dictum
1345 2556 1367 2606 1.
1384 2550 1455 2605 Tim.
1475 2557 1504 2620 6,
1527 2570 1552 2605 0.
1581 2559 1618 2608 lt).
1642 2570 1659 2607 0
1681 2553 1849 2608 Bellarmino
1873 2555 1903 2608 in
1927 2554 2047 2610 alienum

257 2642 398 2694 11110000
421 2639 604 2708 appetibilis!
620 2641 686 2709 jam
708 2644 776 2693 ’0000
800 2639 955 2708 infidelitas
979 2646 1020 2692 est
1035 2638 1144 2692 aversio
1166 2656 1184 2691 a
1210 2650 1322 2688 sensum
1342 2634 1536 2709 detorquetur,
1561 2637 1642 2709 quasi
1660 2637 1689 2691 in
1708 2655 1741 2693 eo
1759 2639 1890 2710 superbia
1909 2646 2049 2695 statuatur

346 2743 452 2779 summo
471 2726 550 2794 boae,
568 2725 703 2794 snperbia
721 2732 761 2778 est
781 2724 925 2779 conversio
943 2726 985 2777 ad
1002 2723 1098 2777 bouum
1115 2740 1184 2792 pro·
1210 2719 1299 2774 omnis
1317 2722 1426 2791 peccati
1442 2723 1530 2791 radix,
1552 2740 1615 2777 eum
1634 2723 1668 2777 de
1687 2727 1859 2794 φιλαργυρίᾳ
1876 2724 1951 2779 istud
1972 2725 2048 2797 loqui

343 2813 447 2881 priam.
488 2812 568 2879 Erpa
594 2811 663 2864 baec
686 2818 727 2864 cst
750 2810 805 2866 dle
823 2811 917 2880 prior.
959 2810 1184 2881 Respondemus:
1210 2822 1293 2860 sonus
1317 2806 1464 2861 verborum
1491 2815 1519 2863 et
1545 2808 1769 2864 circumstantiae
1794 2815 1886 2866 textus
1906 2812 2048 2868 evidenter

276 2908 289 2920 ··
346 2896 450 2953 lterum
468 2896 677 2952 confunduntur
693 2896 811 2952 intentio
829 2895 1010 2952 ctexsecutio
1023 2894 1104 2966 primi
1118 2912 1183 2967 pec·
1209 2890 1337 2962 probent.
1380 2895 1406 2948 3.
1430 2895 1527 2946 Adam
1551 2913 1607 2948 000
1626 2896 1736 2963 fuisset
1760 2897 1842 2950 verbo
1869 2899 1930 2951 Dei
1956 2900 2047 2952 incre·

345 2984 415 3051 aaliz
444 2981 529 3038 fuerit
559 2998 626 3037 sane
653 2998 687 3036 ex
717 2981 865 3053 hypothesi
894 2972 1026 3053 superbia
1054 2980 1130 3051 prior
1155 2981 1184 3035 in
1210 2977 1309 3045 010100,
1337 2978 1395 3030 nisi
1413 2994 1470 3047 per
1497 2979 1645 3034 elationem
1672 2999 1690 3033 0
1716 2983 1779 3034 Deo
1804 2998 1921 3036 aversas
1948 2984 2048 3037 divisa

344 3070 454 3125 Admo
471 3072 615 3140 peccante,
636 3066 743 3122 ratione
756 3067 925 3137 intentionis,
945 3067 1055 3122 interim
1066 3066 1183 3122 actualis
1208 3062 1271 3117 luce
1289 3063 1437 3118 destitutas
1455 3065 1641 3119 tenebrescere
1653 3067 1794 3136 coepisset.
1822 3066 2046 3138 Respondemus:

345 3156 429 3227 culpa
453 3161 483 3211 et
505 3159 619 3209 externa
636 3151 820 3226 hanegressio
838 3152 879 3208 ita
896 3170 914 3207 a
931 3150 1030 3224 Moyse
1050 3151 1182 3208 describi·
1209 3147 1282 3214 Quin
1305 3148 1360 3202 imo
1378 3148 1480 3204 Adami
1505 3166 1583 3205 mens
1605 3151 1699 3206 divina
1722 3152 1785 3208 luce
1811 3154 1973 3208 collustrata
1990 3170 2047 3209 non

345 3249 398 3307 tur,
420 3239 495 3313 quod
514 3239 576 3294 Eva
595 3240 714 3311 primum
733 3257 766 3294 ex
784 3239 872 3294 oculis
884 3238 939 3294 Dei
960 3237 1076 3293 verbum
1096 3254 1182 3292 semo·
1208 3233 1355 3290 avertisset
1372 3252 1402 3290 se
1421 3235 1512 3291 aDeo
1529 3254 1580 3307 per
1597 3236 1751 3307 elationem,
1769 3238 1823 3293 nisi
1840 3239 1917 3310 prins
1931 3240 2046 3297 averbo

344 3328 427 3385 verit:
452 3325 526 3383 adde
550 3325 624 3398 quod
649 3343 705 3381 non
727 3325 865 3400 potuisset
887 3324 970 3381 homo
987 3324 1024 3379 ad
1041 3323 1183 3396 propriam
1208 3321 1389 3377 secessionem
1412 3321 1531 3379 fecisset.
1567 3321 1630 3379 Non
1653 3330 1746 3396 potest
1768 3324 1804 3381 de
1821 3326 1911 3397 primo
1931 3334 2047 3398 peccato

344 3413 537 3471 excellentiam
550 3429 580 3468 se
597 3418 758 3468 convertere
777 3428 828 3483 per
843 3412 1031 3467 inordinatum
1050 3427 1182 3477 amorem,
1207 3408 1310 3463 rectius
1332 3407 1467 3478 judicari,
1491 3425 1574 3480 quam
1593 3428 1626 3466 ex
1645 3410 1716 3465 serie
1733 3412 1895 3467 tentationis
1913 3430 1931 3467 a
1949 3412 2047 3484 Moyse

344 3508 495 3573 antequam
518 3517 535 3554 a
558 3498 669 3554 11101010
689 3499 819 3554 seductus
837 3496 891 3552 Dei
908 3496 1023 3552 verbum
1042 3515 1076 3553 ex
1094 3496 1182 3552 oculis
1208 3493 1356 3564 descripta.
1392 3494 1511 3567 Serpens
1536 3494 1654 3565 primum
1679 3495 1841 3567 aggreditur
1859 3497 1912 3552 Dei
1930 3499 2046 3555 verbum

344 3586 513 3641 removisset
556 3584 742 3655 Praeceperat
765 3583 838 3638 enim
865 3582 955 3650 Deus,
982 3600 1018 3638 ne
1042 3581 1079 3637 ad
1103 3599 1182 3637 suam
1208 3584 1237 3631 et
1260 3578 1342 3633 simul
1366 3580 1481 3636 interius
1504 3581 1686 3636 dubitationis
1713 3599 1849 3638 venenum
1874 3584 1950 3638 cordi
1969 3586 2046 3642 Evae

343 3670 537 3727 excellentiam
555 3687 606 3742 per
624 3669 810 3725 inordinatum
828 3685 947 3723 amorem
959 3685 990 3723 se
1002 3674 1182 3734 converteret
1208 3664 1339 3735 inspirat,
1358 3661 1456 3736 postea
1473 3667 1583 3721 demum
1603 3674 1709 3722 remota
1725 3668 1803 3723 verbi
1821 3670 1883 3724 luce
1901 3669 1930 3724 iu
1949 3688 2043 3741 super-

345 3759 395 3813 sed
433 3758 463 3812 in
498 3755 659 3811 obedientia
686 3754 826 3825 praecepti
859 3754 894 3810 de
924 3771 979 3808 non
1011 3754 1182 3809 comedendo
1208 3749 1272 3827 biae
1288 3750 1418 3806 tenebras
1436 3769 1497 3807 eam
1516 3753 1693 3824 praecipitat·
1726 3759 1749 3807 1.
1763 3755 1881 3809 Initium
1897 3758 2044 3826 superbiae
2145 3769 2149 3776 ·

344 3842 451 3897 vetitae
473 3841 578 3896 arboris
594 3840 689 3896 fructu
705 3857 766 3897 sese
782 3846 931 3895 exerceret.
1207 3837 1238 3889 ia
1256 3837 1364 3899 homine
1379 3838 1475 3906 potuit
1491 3836 1552 3891 0000
1567 3840 1627 3893 siae
1648 3839 1708 3893 allo
1729 3842 1828 3894 mentis
1848 3859 1944 3896 errore
1958 3859 2043 3913 prue-

257 3956 290 3985 0-
380 3932 423 3984 34.
466 3925 664 3996 Exceptionee‚
701 3924 802 3998 quibus
831 3926 887 3979 rim
917 3931 1073 3981 nostrorum
1099 3941 1181 3996 argu·
1208 3924 1320 3975 cedente
1343 3940 1397 3992 per
1414 3924 1506 3978 solam
1533 3926 1745 3994 iucoyitcatiam
1765 3929 1823 3981 sice
1850 3917 2044 3986 inconsiderass

257 4007 309 4089 '¹22⁸
345 4019 502 4069 mentorum
528 4012 630 4068 elidere
657 4018 773 4066 conatur
788 4009 973 4065 Bellarmiuus
993 4015 1017 4065 3.
1037 4010 1072 4065 de
1089 4008 1181 4067 amiss.
1206 4011 1316 4064 tionem.
1352 4010 1578 4082 Respondemus:
1603 4014 1664 4068 Imo
1682 4032 1747 4070 vero
1765 4033 1908 4087 nunquam
1923 4016 2045 4074 dedisset

257 4102 282 4142 ¹1·
345 4104 417 4170 gret.
445 4104 476 4153 et
499 4102 561 4152 stat.
587 4102 693 4168 peccat.
721 4113 746 4153 c.
766 4104 797 4165 5,
824 4113 937 4168 scopum
956 4115 1011 4151 non
1030 4095 1180 4166 attingunt.
1205 4096 1267 4152 Eva
1288 4096 1379 4151 locum
1397 4086 1622 4168 persuasionibus
1640 4100 1759 4155 Satanae
1779 4100 1816 4156 ad
1834 4102 1994 4173 superbiam
2014 4108 2043 4158 et

346 4190 369 4238 1.
392 4183 518 4238 8010000
536 4200 592 4236 000
609 4174 699 4236 solam
717 4183 759 4235 ad
775 4183 967 4252 infidelitatem
987 4182 1182 4236 0110010άί00-
1206 4181 1424 4239 inobedientiam
1450 4184 1628 4254 solicitantis,
1657 4185 1711 4239 nisi
1740 4185 1833 4241 fallaci
1863 4194 1891 4243 et
1917 4188 2043 4244 mendaci

345 4270 428 4335 tiam,
453 4272 505 4322 sed
527 4269 610 4322 011010
632 4269 674 4331 qd
690 4268 848 4337 superbiam
867 4269 1009 4322 adducere
1028 4268 1183 4320 comburar
1206 4268 1267 4337 ejus
1292 4269 1427 4339 promisso
1453 4269 1592 4332 crederet:
1621 4286 1764 4341 nunquam
1791 4279 1890 4342 peccat
1915 4274 2043 4329 voluntas

346 4357 469 4423 Herem,
493 4370 580 4425 000νο
603 4353 705 4406 mulier
726 4355 819 4423 primo
838 4355 869 4407 irs
888 4354 1048 4424 superbiam
1066 4355 1181 4407 seducta
1207 4353 1349 4425 inopere,
1373 4347 1523 4425 antfiuam
1545 4355 1696 4426 praecedat
1719 4371 1794 4410 error
1812 4357 1841 4410 in
1859 4365 1965 4428 mente:
1994 4359 2044 4412 1110

344 4451 395 4505 est,
411 4449 514 4510 postea
535 4441 644 4493 :terrram
662 4440 787 4492 credidit
807 4439 1045 4508 0110101001000
1058 4440 1182 4492 eredidit
1207 4440 1268 4510 ipsa
1283 4439 1466 4511 incogitantia
1477 4439 1644 4511 principium
1665 4440 1720 4494 fuit
1735 4441 1897 4497 discedendi
1915 4460 1932 4497 0
1949 4443 2043 4513 verbo,
2135 4461 2139 4468 ·

345 4531 418 4581 Deo.
456 4525 679 4596 Respondemus:
705 4523 812 4579 Tertus
829 4523 968 4579 Moesicas
993 4524 1095 4579 diserte
1118 4540 1181 4578 eon·
1207 4525 1281 4597 quod
1300 4531 1376 4579 arcte
1393 4530 1421 4578 et
1439 4524 1558 4581 fideliter
1574 4525 1656 4580 homo
1675 4524 1821 4598 complecti
1839 4527 1989 4586 debuisset

344 4614 461 4668 10001001
480 4611 558 4680 dicit,
578 4609 665 4667 Satan
682 4610 754 4665 enim
775 4609 803 4664 in
820 4611 910 4681 primo
927 4627 1077 4681 congressu
1093 4610 1180 4666 Evam
1242 4617 1282 4665 35.
1308 4611 2042 4685 0000001000.0010101.0001.οι10000
2098 4617 2101 4624 '
2145 4637 2151 4648 ·

343 4701 384 4754 sic
407 4698 573 4770 alloquitur:
599 4698 738 4766 Naaqaid
754 4698 903 4767 praecepit
926 4698 1002 4749 00110
1024 4699 1105 4749 Deus
1127 4704 1179 4753 etc.
1205 4696 1302 4766 objicit
1322 4701 1525 4767 argumentum.
1562 4696 1642 4754 Salus
1660 4700 1810 4769 respondet
1823 4717 1874 4771 per
1885 4701 2041 4769 oppositum
2054 4718 2083 4758 10
2103 4716 2150 4761 sto.

342 4791 443 4856 postea
466 4785 579 4839 demum
605 4783 731 4855 subjicit,
759 4785 838 4838 eritis
864 4784 934 4836 sicat
958 4785 1002 4836 dii
1024 4791 1089 4849 ete:
1116 4800 1180 4837 cum
1204 4782 1442 4851 praevaricationi.
1479 4782 1568 4854 Atqui
1592 4785 1667 4839 salus
1691 4785 1796 4855 incepit
1821 4803 1838 4841 a
1861 4785 1916 4843 fide
1935 4786 2042 4844 Mariae

343 4886 457 4941 serpens
484 4869 602 4924 mendax
627 4869 696 4923 illud
719 4871 882 4940 promissum
906 4887 986 4923 suurn
1010 4869 1038 4923 in
1058 4869 1179 4923 medium
1206 4867 1274 4922 Luc.
1296 4875 1317 4923 1.
1344 4868 1432 4923 Beata
1458 4886 1529 4939 quae
1559 4871 1708 4926 credidisti.
1753 4872 1828 4943 Ergo
1854 4872 1938 4926 etiam
1964 4889 2042 4943 prae,-

340 4957 493 5030 proferret,
524 4957 585 5025 jam
608 4962 668 5009 tum
691 4954 858 5011 discesserat
882 4956 942 5008 Eva
966 4972 983 5008 a
1008 4954 1060 5008 Dei
1086 4955 1179 5020 verbo,
1205 4954 1337 5009 varicatio
1352 4954 1457 5027 incepit
1471 4956 1506 5011 ab
1525 4955 1689 5011 infidelitate
1701 4955 1785 5012 Evae.
1812 4956 1974 5027 Respondet
1986 4958 2041 5012 Bo·

342 5043 419 5115 quod
456 5040 596 5114 particula
628 5041 773 5095 dubitandi
806 5044 880 5103 forte
912 5040 940 5095 in
970 5040 1061 5095 verbis
1092 5040 1179 5111 ipsius
1205 5046 1371 5095 narentura:
1397 5042 1466 5094 Etsi
1478 5043 1554 5110 fides
1573 5042 1601 5094 ia
1620 5043 1798 5109 coriceptidtse
1815 5042 1890 5094 Filii
1908 5044 1968 5096 Dei
1985 5063 2043 5099 000

343 5129 486 5185 evidenter
503 5128 633 5182 ostendit.
662 5132 688 5180 2.
712 5127 1180 5197 (20101101000010010000111100,
1204 5128 1344 5180 modicum
1367 5127 1487 5180 10000011
1508 5128 1614 5196 locam,
1639 5127 1735 5180 hahuit
1759 5115 1851 5180 100100
1874 5127 2042 5184 hamilitatis

342 5218 407 5269 ideo
425 5214 581 5282 infidelitas
600 5232 655 5268 aaa
674 5222 714 5267 001
732 5213 825 5283 oripo,
852 5216 904 5268 sed
917 5214 987 5284 fiais
1005 5213 1162 5282 injustitiae
1168 5235 1179 5283 ,·
1205 5231 1283 5265 :nam
1295 5212 1519 5280 0000001ὸαί00,
1535 5214 1646 5266 ratione
1663 5213 1744 5281 cajus
1762 5212 1867 5266 dicitur
1882 5214 1962 5283 01000
1978 5216 2040 5272 Deo

342 5304 419 5372 qnod
438 5302 512 5354 enim
531 5300 561 5352 in
578 5299 757 5370 ueneratione
772 5300 905 5371 primam,
923 5299 957 5352 id
968 5300 999 5353 ia
1010 5297 1351 5366 resolutioaelplaeaisse,
1371 5298 1441 5350 01001
1461 5298 1527 5365 epea
1544 5297 1630 5351 dicit:
1653 5295 1786 5364 Repressit
1804 5299 1882 5349 Deus
1900 5300 2041 5355 barrrilc’ta·

342 5396 382 5440 est
405 5386 554 5452 altimum:
579 5403 667 5454 00000
684 5403 826 5455 nunquam
845 5385 949 5438 dieitur
971 5386 1000 5436 ia
1021 5382 1179 5454 Scriptarir
1204 5392 1258 5436 tem
1275 5382 1490 5437 0001110000αο
1524 5381 1612 5453 Atqui
1627 5380 1704 5434 aliud
1717 5387 1759 5436 est
1774 5388 1945 5453 0000100010,
1964 5385 2041 5440 aliud

342 5474 454 5526 initiam
473 5471 563 5525 010010
576 5473 689 5542 peccati
705 5471 876 5541 infidelitas,
894 5472 946 5523 sed
962 5471 1072 5523 initiam
1090 5472 1179 5525 omnis
1205 5467 1462 5543 taurianensem
1487 5468 1556 5522 illud
1573 5474 1653 5521 notat
1671 5467 1837 5522 conditionis
1854 5476 1973 5541 statum,
1989 5472 2041 5527 hoc

337 5547 455 5627 peccati
479 5556 634 5627 sapiditas,
661 5557 695 5610 id
717 5563 770 5623 est,
795 5573 875 5608 amor
901 5557 947 5609 sai
962 5557 1020 5608 sive
1039 5557 1177 5625 snperbia.
1190 5612 1192 5634 Ι
1204 5571 1270 5609 vero
1287 5553 1386 5608 mentis
1404 5553 1549 5622 0110010ος
1568 5571 1623 5607 000
1642 5552 1778 5624 gloriatur
1789 5554 1879 5611 Maria
1896 5558 1931 5612 de
1944 5558 2041 5612 merito

341 5642 567 5714 Respondemus:
585 5640 663 5695 Inter
682 5646 784 5695 statum
804 5641 913 5710 peccati
929 5645 958 5695 et
976 5640 1179 5711 reparationem
1190 5640 1192 5663 ⁷
1204 5639 1383 5705 humilitatis,
1410 5640 1458 5694 sed
1484 5638 1629 5709 praedicat
1645 5638 1776 5694 virtutem
1795 5640 1848 5697 Dei
1867 5642 1981 5697 humilia
2000 5659 2041 5697 re·

342 5728 463 5784 hominis
498 5726 656 5799 analogiam
686 5726 771 5781 talem
802 5726 1010 5795 constituimus3
1049 5727 1180 5797 quemad·
1205 5725 1354 5795 spicientis.
1400 5725 1496 5779 Manet
1521 5740 1587 5795 ergo
1615 5724 1780 5780 inconcussa
1809 5728 1851 5781 010
1876 5727 2041 5799 argumenti

342 5815 456 5870 modum
472 5812 556 5885 primi
573 5811 696 5868 homines
713 5812 811 5869 relicta
829 5811 907 5868 verbi
928 5813 989 5870 luce
1006 5811 1037 5867 in
1050 5812 1180 5868 tenebras
1205 5811 1443 5881 Quemadmodum
1460 5810 1550 5866 Maris
1572 5808 1664 5876 serbis
1689 5811 1782 5884 angeli
1806 5811 1889 5870 tidem
1912 5813 2041 5870 habendo

1191 5377 1193 5387 l

1190 5399 1192 5406 r
