5017 6675
507 686 527 721 s
962 657 1014 712 na
1034 655 1174 712 amnuo
1192 653 1384 711 assumo.
1964 667 2026 726 sss
2059 690 2065 697 .

316 811 453 867 munaus
481 810 588 865 viribus
616 809 652 865 ad
678 828 739 866 eam
768 811 904 882 aspirare,
936 811 1003 882 quia
1027 808 1226 923 animatisque
1253 810 1282 872 tt
1309 810 1421 880 ἑαυτῶν,
1442 808 1503 865 ‹iil‘
1531 811 1546 880 ἡ
1571 811 1699 881 ἱκανότης
1719 812 1798 885 ἡμῶν
1822 812 1852 866 ἐκ
1875 814 1923 867 τοῦ
1948 817 2118 872 taciturus!

317 899 407 951 boma
440 918 494 952 non
521 900 645 968 percipit
677 917 727 968 ea,
755 917 826 969 quae
853 906 916 952 aunt
944 899 1068 967 Spiritus
1095 899 1161 963 Dei,
1187 895 1372 951 Bellarminue
1394 896 1441 952 lib.
1461 902 1486 955 6.
1505 898 1540 953 de
1556 905 1627 971 grat.
1648 904 1677 953 ei
1694 899 1743 955 lib:
1758 898 1817 954 arb.
1837 916 1861 954 e.
1884 903 1921 955 13.
1941 899 2019 969 dicit,
2037 904 2064 946 V·
2079 904 2124 949 ¹⁰⁸·

317 986 448 1039 stultitia
482 986 553 1039 anim
577 994 618 1039 eat
646 986 700 1055 illi,
733 994 758 1040 et
788 1005 844 1040 nan
874 993 967 1056 pateat
995 985 1161 1052 intelligere,
1188 982 1342 1037 sententiae
1365 999 1431 1038 suaa
1453 981 1546 1040 favere
1572 985 1617 1041 vel
1643 985 1775 1055 maxime,
1801 1001 1864 1040 eum
1884 987 2023 1057 apostolus
2036 976 2139 1075 ssffiff

321 1079 345 1126 1.
369 1070 434 1126 Cor.
454 1077 484 1139 2,
501 1090 526 1125 v.
547 1077 590 1136 11,
610 1071 659 1126 ubi
679 1072 805 1127 animalis
822 1072 905 1127 bomo
923 1072 997 1127 idem
1016 1077 1065 1139 est,
1085 1069 1160 1143 quod
1189 1084 1243 1121 non
1273 1075 1357 1138 neget
1386 1086 1436 1125 nos
1466 1068 1635 1126 sufficientes
1667 1088 1740 1136 esse,
1771 1070 1908 1142 siquidem
1937 1070 2024 1127 addat

319 1157 351 1211 in
380 1157 455 1213 dicto
478 1156 580 1213 Christi
603 1175 667 1212 caro
693 1166 721 1213 et
745 1159 875 1230 sanguis,
904 1159 920 1211 i.
943 1175 965 1213 e.
991 1157 1055 1211 talis
1072 1155 1162 1224 bomo,
1189 1153 1319 1209 continuo
1343 1153 1538 1211 sufficientiam
1562 1163 1684 1211 noemam
1707 1174 1766 1212 esse
1791 1174 1825 1212 ex
1847 1156 1915 1214 Deo.
1957 1159 2025 1226 Suf-

319 1243 373 1314 qui
398 1243 458 1299 sine
483 1243 659 1299 revocatione
679 1243 813 1315 Spiritus,
838 1244 904 1299 solis
924 1250 1039 1298 naturae
1056 1240 1161 1297 viribus
1183 1240 1298 1307 ficium
1321 1258 1389 1309 erpa
1415 1241 1515 1314 [inquit
1534 1242 1729 1313 Bellarminus]
1755 1244 1870 1313 aliquid
1892 1246 2024 1312 cogitare,

319 1337 351 1383 et
369 1327 550 1386 facultatibus
569 1329 711 1399 praeditus
730 1337 781 1398 est,
798 1330 864 1384 huic
883 1331 999 1400 derogat
1017 1328 1161 1398 apostolus
1189 1325 1245 1379 ima
1274 1328 1358 1380 etiam
1377 1329 1449 1382 celte
1467 1337 1492 1382 et
1509 1331 1622 1397 facere,
1644 1333 1695 1384 sed
1707 1337 1895 1399 posteaquam
1914 1331 1987 1383 sires
2007 1348 2026 1383 a

320 1419 352 1469 et
372 1415 675 1485 manuscriptam
697 1432 738 1479 ea,
757 1432 828 1486 quae
846 1423 911 1469 sunt
928 1415 1056 1486 Spiritus,
1074 1413 1114 1468 ita
1132 1419 1163 1467 ut
1191 1412 1254 1465 Deo
1275 1414 1481 1483 acceperimus,·
1499 1417 1556 1468 nisi
1575 1416 1645 1470 enirn
1663 1417 1746 1471 liberi
1763 1433 1882 1470 assessus
1901 1417 2026 1486 arbitrii,

318 1518 376 1556 nec
400 1501 556 1573 intelligere
585 1519 638 1557 neo
665 1501 744 1556 firmo
776 1503 819 1556 vol
853 1501 961 1556 infirmo
986 1519 1101 1556 assensu
1128 1517 1162 1555 ea
1190 1516 1246 1551 non
1273 1507 1346 1553 recte
1372 1500 1529 1554 diceremur
1554 1504 1688 1570 sufficere
1713 1520 1745 1556 ea
1762 1503 1854 1567 uatis,
1879 1502 1951 1555 sicut
1970 1519 2026 1556 non

320 1587 457 1658 amplecti
473 1588 573 1657 possit3
594 1589 661 1659 quin
679 1589 733 1643 imo
753 1607 809 1643 non
828 1589 917 1643 solum
935 1589 1049 1658 γνῶσις,
1068 1586 1117 1641 sed
1135 1595 1164 1642 et
1190 1593 1263 1638 recte
1291 1585 1397 1640 dicuat
1430 1586 1535 1655 aliquis
1558 1589 1716 1656 jumentum
1744 1597 1793 1642 aut
1819 1589 1945 1658 lapidem
1970 1606 2026 1642 non

320 1672 447 1747 δύναμις
465 1674 605 1745 γνώσεως,
629 1676 670 1729 vis
690 1674 738 1729 illa
757 1675 849 1730 activa
866 1673 975 1742 derasas}
993 1674 1047 1744 ipsi
1067 1673 1161 1728 adimi·
1188 1672 1321 1739 srp‘sicere
1348 1689 1380 1725 aa
1403 1689 1432 1725 aa
1455 1673 1568 1742 aliquid
1590 1676 1715 1742 cogitare
1740 1677 1774 1728 de
1794 1676 1865 1730 Dea.
1900 1673 2025 1745 Respon-

319 1770 385 1829 tur,
409 1762 534 1834 adeoque
559 1761 693 1837 φρόνηνα
711 1762 825 1835 σαρκὸς,
849 1780 905 1816 non
924 1761 1013 1816 solum
1032 1759 1159 1828 effeetus,
1189 1757 1286 1811 demus
1332 1775 1366 1811 er
1391 1757 1512 1829 August
1540 1758 1575 1813 dc
1600 1769 1672 1831 grat.
1702 1765 1730 1816 et
1754 1759 1803 1816 lib.
1826 1760 1891 1815 arb.
1917 1777 1942 1814 c.
1976 1766 2021 1815 16:

320 1848 375 1902 sed
400 1855 430 1902 et
454 1848 593 1919 sapientia
618 1848 708 1902 carnis
737 1850 780 1916 [ut
804 1847 889 1902 habet
912 1847 1028 1918 vulgata
1050 1848 1159 1914 versiol.
1190 1840 1301 1896 Certum
1323 1852 1363 1897 est
1381 1863 1432 1897 nas
1451 1844 1535 1912 veile,
1564 1862 1625 1898 cum
1642 1846 1783 1915 calamam,
1806 1849 1857 1901 sed
1874 1847 1924 1901 ille
1935 1847 2024 1915 facit,

319 1933 560 1989 Praestantissimi
583 1934 722 2006 cogitatus
746 1940 774 1988 ct
796 1942 912 1988 conatus
936 1932 1037 1987 mentis
1062 1933 1090 1987 in
1113 1932 1161 1988 bo·
1188 1936 1218 1981 ut
1236 1929 1367 1998 velimus,
1389 1931 1425 1983 de
1443 1949 1497 1997 quo
1516 1932 1620 1986 dictum
1640 1940 1692 2000 est,
1717 1935 1798 1987 Deus
1815 1941 1870 2003 est,
1893 1933 1943 2002 qui
1959 1949 2023 2002 ope·

319 2021 399 2076 mine
423 2021 528 2074 carnali
556 2022 616 2091 [seu
643 2021 765 2075 nondum
792 2025 955 2091 regenerato
985 2026 1014 2075 et
1039 2019 1092 2074 sub
1115 2036 1160 2074 ve·
1188 2022 1270 2068 ratur
1287 2016 1318 2068 iu
1335 2017 1416 2070 notra
1432 2018 1511 2071 aetla
1549 2018 1660 2072 Certum
1678 2028 1731 2087 est,
1755 2036 1808 2075 aas
1821 2020 1937 2088 faeere,
1962 2037 2025 2073 cum

319 2111 428 2161 tustate
454 2107 546 2161 carnis
571 2105 663 2161 adhuc
681 2103 840 2178 constituto]
859 2115 923 2159 suat
940 2107 1089 2160 inimicitia
1109 2107 1160 2159 ad·
1180 2100 1319 2170 facimus,
1339 2105 1391 2155 sed
1409 2103 1459 2158 ille
1475 2105 1558 2172 facit,
1577 2112 1607 2157 ut
1620 2106 1778 2175 faciamus,
1791 2102 1955 2177 prmlrsado
1973 2123 2019 2159 aa·

320 2210 421 2247 verm
445 2195 542 2248 Deum
566 2192 646 2248 Rom,
678 2197 708 2260 8,
738 2211 762 2248 v,
791 2199 820 2260 7,
851 2192 901 2248 ubi
929 2193 958 2246 in
987 2191 1160 2247 substantivo
1188 2185 1290 2240 inamati
1317 2188 1391 2241 viret
1420 2190 1648 2256 efficattbtt'mad,
1684 2193 1719 2244 dt
1748 2208 1803 2261 quo
1834 2192 1941 2245 dictum
1974 2202 2023 2263 eit,

322 2297 429 2351 magna
445 2278 596 2350 emphasis,
614 2279 690 2349 quod
707 2297 763 2334 non
784 2279 873 2333 solum
891 2296 969 2333 mens
988 2287 1083 2334 nostra
1099 2278 1160 2334 Deo
1181 2273 1303 2337 fatiam,
1335 2281 1367 2327 ²⁵⁸
1384 2273 1518 2341 sociativ-
1554 2275 1600 2329 An
1628 2275 1734 2331 dietum
1757 2278 1939 2348 apostolieum
1959 2295 2020 2333 sen·
2117 2338 2126 2347 ,

320 2366 450 2435 inimica,
481 2365 529 2420 sed
560 2365 621 2435 ipsa
653 2365 787 2419 adversus
817 2365 909 2419 Deum
940 2365 1099 2434 inimicitis,
1129 2371 1161 2418 ut
1187 2358 1290 2413 tentiae
1316 2359 1478 2415 Bellarmini
1503 2360 1610 2431 invest,
1640 2363 1788 2434 apparebit
1814 2364 1942 2434 inferius,
1970 2364 2021 2420 ubi

318 2452 440 2522 proinde
458 2451 541 2506 edam
554 2454 611 2505 πᾶν
624 2450 715 2524 νόημα
729 2452 766 2504 sit
781 2453 977 2519 captis-andum
991 2453 1040 2504 sub
1053 2450 1161 2504 Christi
1187 2446 1278 2515 ipsum
1309 2447 1344 2500 de
1370 2447 1475 2503 viribus
1500 2448 1581 2503 liberi
1605 2449 1713 2505 arbitrii
1740 2439 2022 2522 dusmentsm'prius

319 2539 483 2606 obsequium
505 2543 527 2591 2,
541 2537 601 2592 cor,
624 2543 663 2604 lo,
683 2555 709 2591 v,
727 2544 751 2592 5.
788 2536 987 2593 concludimus
1009 2554 1074 2608 ergo
1096 2554 1159 2607 pro·
1187 2532 1381 2588 audiverimus.
1417 2534 1612 2604 Captivitatem
1637 2541 1777 2606 passivam
1802 2555 1852 2593 seu
1878 2537 2024 2608 receptivi-
2071 2592 2074 2601 ,

317 2625 450 2678 nuntiato
466 2623 616 2692 apostolico
629 2630 653 2678 1.
665 2622 726 2679 Cor.
741 2628 765 2691 1,
779 2643 804 2678 v.
821 2632 850 2679 5:
871 2627 935 2680 Nan
950 2643 1047 2677 summ
1063 2624 1161 2678 idonei
1188 2625 1276 2673 tatem
1304 2620 1489 2691 spiritualium
1520 2629 1644 2677 motuum
1672 2621 1702 2678 in
1732 2622 1850 2678 bominis
1879 2624 2023 2680 intellectu

318 2713 447 2780 captare
470 2711 584 2779 aliqrsicl
607 2727 640 2763 es
664 2711 744 2763 natis
762 2711 846 2779 quasi
862 2727 896 2764 aa
913 2712 1006 2775 natis,
1029 2712 1080 2763 sed
1098 2712 1158 2774 aas·
1187 2706 1362 2775 superstitem
1378 2724 1451 2774 esse,
1472 2724 1542 2778 quae
1558 2725 1613 2763 non
1631 2715 1674 2763 est
1691 2708 1720 2764 in
1738 2716 1839 2764 unaco
1855 2710 1900 2765 vel
1919 2708 2022 2780 lapide,

311 2797 445 2866 ficientia
469 2805 566 2850 nostra
590 2814 622 2848 aa
641 2798 706 2851 Dea
734 2804 789 2863 est,
814 2797 862 2851 ubi
888 2796 1078 2852 observandae
1095 2814 1158 2868 par-
1185 2791 1303 2847 libenter
1322 2795 1508 2862 concedimus,
1526 2795 1576 2850 sed
1590 2795 1709 2851 activam
1722 2795 1863 2868 quandam
1876 2797 2020 2868 ἐνέργειαν

317 2882 425 2937 ticulrm
452 2880 510 2935 cinci
539 2888 568 2936 et
594 2882 636 2945 a,
663 2869 763 2952 quibus
789 2882 938 2936 denotatur
964 2901 1020 2937 non
1045 2900 1105 2938 esse
1129 2883 1158 2936 in
1185 2896 1234 2933 seu
1253 2879 1423 2935 activitatem
1440 2896 1585 2953 superem
1601 2899 1745 2953 negamus.
1780 2883 1810 2940 Si
1828 2890 1889 2938 tum
1906 2883 2017 2937 demum

319 2968 428 3022 viribus
460 2967 561 3021 nostris
590 2969 715 3038 cogitare
746 2967 853 3038 aliquid
882 2968 964 3038 boni3
998 2970 1058 3039 jam
1091 2984 1156 3022 vero
1186 2967 1275 3019 Ικανοὶ
1293 2984 1387 3020 sumus
1409 2966 1514 3038 aliquid
1536 2966 1604 3025 boni
1628 2969 1760 3040 cogitare,
1778 2970 1850 3025 velle
1873 2976 1901 3026 et
1917 2969 2021 3039 facere,
2062 3016 2065 3023 .

319 3055 446 3124 cogitare
476 3053 559 3124 longe
589 3054 680 3106 minus
711 3068 795 3123 quam
821 3053 961 3119 mentiri,
993 3053 1157 3122 consultare,
1186 3059 1364 3123 posteaquam
1389 3054 1460 3109 vires
1478 3071 1495 3108 a
1513 3053 1574 3109 Deo
1595 3058 1656 3125 (per
1675 3056 1911 3126 regenerationem
1930 3061 1959 3109 et
1977 3071 2018 3109 re-

320 3140 438 3195 firmiter
455 3139 509 3195 sibi
527 3156 680 3210 proponere
697 3147 749 3194 etc.
1185 3138 1369 3201 novationem)
1394 3139 1567 3210 accepimus,
1587 3141 1714 3212 sequitur
1736 3147 1801 3197 ante
1819 3142 1882 3196 illas
1901 3140 1981 3195 nobis
2003 3157 2021 3195 a

257 3234 299 3272 νῦν
359 3232 400 3282 35.
430 3225 511 3280 Haec
525 3224 683 3296 Scripturae
700 3225 813 3279 oracula
825 3226 904 3296 quasi
916 3225 981 3280 solis
994 3224 1072 3280 radio
1091 3225 1157 3279 scri·
1187 3223 1247 3279 Deo
1274 3225 1391 3279 donatas
1414 3227 1486 3280 vires
1509 3226 1614 3280 nuliam
1639 3226 1785 3292 taratara
1809 3228 1839 3282 in
1856 3227 1936 3282 nobis
1954 3243 2023 3284 esse.

257 3296 307 3377 ff
320 3318 374 3383 pta
399 3312 435 3367 ds
459 3318 580 3366 extrema
604 3311 761 3367 intellectus
786 3311 960 3384 corruptione
980 3320 1008 3368 et
1025 3312 1062 3368 ad
1079 3312 1157 3385 spiri·
1186 3309 1272 3364 Ludit
1290 3319 1382 3367 sutem
1401 3311 1584 3368 Bollarminus
1610 3312 1695 3369 verbo
1721 3312 1922 3379 sufficientiae,
1946 3313 2022 3386 quod

257 3438 307 3479 ηε
320 3398 399 3453 tuale
418 3397 522 3453 bonum
538 3397 747 3468 percipiendum
765 3396 908 3468 ἀδυναμίᾳ
927 3400 994 3454 satis
1012 3399 1158 3455 manifeste
1186 3414 1219 3453 er
1241 3398 1322 3453 nobis
1350 3398 1460 3469 quidem
1486 3399 1577 3455 idonei
1602 3400 1638 3454 ad
1663 3400 1766 3455 bonum
1789 3400 1970 3472 cogitandum
1987 3401 2023 3456 si-

258 3493 305 3532 ulls
320 3489 474 3549 testantur,
496 3501 587 3556 neque
603 3493 696 3540 umen
715 3502 732 3539 a
752 3485 915 3557 corruptelis
932 3494 1044 3541 manent
1059 3486 1158 3542 libera.
1186 3501 1247 3538 mus
1262 3478 1295 3540 'et
1313 3484 1421 3556 aliquas
1439 3485 1589 3541 habeamus
1610 3486 1691 3544 vires.
1711 3487 1761 3541 sed
1773 3505 1829 3542 non
1840 3486 2022 3557 sufficientem

257 3557 307 3645 ⁸„,.
320 3572 438 3626 Dictum
457 3570 639 3642 apostolieum
660 3579 680 3627 1.
701 3572 763 3626 Cor.
783 3578 806 3642 2,
823 3591 848 3628 v.
867 3579 910 3628 tt:
930 3574 1064 3627 animalis
1078 3574 1158 3627 tonsa
1185 3578 1217 3623 ut
1234 3569 1287 3625 hac
1304 3572 1411 3627 ratione
1429 3571 1465 3626 sit
1484 3589 1634 3627 concursus
1652 3574 1760 3643 gratiae
1777 3581 1805 3627 et
1819 3572 1899 3628 liberi
1914 3572 2022 3628 arbitrii

263 3658 298 3688 ‘²
321 3677 378 3712 nan
401 3658 527 3727 percipit
551 3674 600 3726 ea,
625 3675 695 3726 prae
717 3666 781 3711 sant
806 3658 933 3729 Spiritus
955 3662 1025 3725 Dei,
1049 3660 1089 3713 ita
1112 3660 1158 3715 de·
1185 3655 1214 3708 in
1230 3659 1421 3727 conversione,
1441 3658 1520 3730 quasi
1541 3658 1658 3713 liberum
1677 3659 1822 3714 arbitrium
1839 3659 1951 3716 inchoet
1972 3658 2019 3716 bo·

257 3704 308 3797 :ppt
321 3744 462 3814 pravabat
488 3742 553 3796 olim
577 3743 721 3812 Emserus,
746 3750 779 3797 ut
804 3761 853 3813 per
876 3743 1014 3799 hominem
1036 3744 1159 3815 ψυχικὸν
1185 3761 1266 3811 num,
1291 3744 1368 3798 Deus
1387 3745 1435 3799 det
1454 3746 1525 3800 vires
1544 3744 1719 3816 perficiendi,
1738 3745 1836 3800 sedin
1853 3744 1962 3801 Graeco
1980 3753 2023 3803 est

320 3829 481 3901 appetitum
506 3830 565 3900 ejus
587 3830 760 3898 sensitivum,
785 3849 867 3901 quem
891 3848 953 3885 cum
977 3831 1066 3886 brutis
1086 3849 1157 3885 com·
1184 3829 1235 3899 οὐχ
1254 3832 1339 3897 ἔσμεν
1357 3834 1458 3901 ἱκανοί,
1478 3850 1533 3887 non
1546 3848 1640 3885 sumus
1653 3831 1755 3896 idonei,
1775 3832 1899 3898 turmot,
1913 3831 2022 3890 aeviri·

320 3934 434 3972 munem
457 3916 556 3985 habet,
579 3916 699 3987 intelligi
721 3916 846 3987 juberet,
869 3920 919 3973 sed
941 3918 1081 3989 spostolus
1102 3935 1158 3973 non
1184 3914 1236 3970 bus
1262 3917 1423 3971 necessariis
1449 3917 1590 3978 instructi;
1616 3917 1746 3988 Xenoph.
1772 3919 1867 3979 ἱκανὸς
1884 3921 1944 3993 alpi
1961 3917 2020 3973 lni-

320 4005 358 4057 de
380 4003 477 4075 aliqua
501 4002 617 4057 hominis
641 4012 732 4073 parte,
755 4005 804 4059 sed
831 4005 865 4059 de
884 4012 942 4060 toto
961 4005 1071 4059 homine
1090 4023 1157 4060 non·
1186 4009 1288 4071 τυχεῖν,
1307 4020 1420 4074 possum
1438 4003 1508 4057 illud
1525 4004 1666 4075 consequi.
1702 4004 1747 4058 De
1763 4004 1869 4059 renatis
1886 4011 1962 4064 recte
1977 4003 2020 4062 ui·

320 4090 388 4143 dum
413 4093 511 4144 renato
534 4089 669 4161 loquitur,
694 4090 742 4161 qui
761 4090 867 4162 Spiritu
884 4091 938 4145 Dei
964 4108 1020 4146 non
1043 4092 1157 4162 regitur,
1183 4090 1263 4157 citur,
1281 4090 1356 4162 quod
1374 4091 1512 4161 aliquibus
1531 4091 1568 4146 ad
1587 4091 1688 4146 bonum
1699 4091 1805 4146 viribus
1815 4092 1872 4147 sint
1882 4090 2020 4163 instructi,

319 4175 500 4230 manifestum
512 4176 584 4231 enim
596 4188 639 4230 est
651 4176 687 4230 ab
706 4176 799 4230 anima
815 4176 870 4230 dici
888 4176 1043 4240 animalem,
1063 4195 1157 4248 quem·
1184 4174 1249 4229 licet
1266 4194 1321 4231 non
1340 4175 1557 4243 sufficientibus,
1576 4195 1640 4230 cum
1659 4176 1766 4247 absque
1784 4177 1895 4233 divinae
1912 4177 2021 4249 gratiae

319 4262 473 4317 admodum
499 4262 560 4317 dac.
579 4268 606 4331 3,
631 4279 656 4316 v.
682 4268 720 4318 15.
755 4264 897 4332 sapientia
925 4264 1029 4332 ψυχικὴ
1056 4264 1158 4318 dicitur
1183 4262 1320 4332 adjutorio
1348 4262 1451 4317 bonum
1477 4262 1612 4332 perficere
1637 4270 1793 4335 nequeant,
1820 4263 1870 4317 sed
1896 4264 2020 4317 nandum

319 4348 440 4403 caradis
458 4347 599 4403 hominum
615 4349 738 4403 nondum
756 4355 914 4404 renatorum
931 4350 1076 4427 sapientia.
1111 4349 1156 4404 ln·
1182 4349 1286 4402 renatis
1312 4366 1363 4404 nec
1391 4348 1530 4420 periectas
1552 4366 1605 4405 nec
1633 4349 1741 4422 aliquas
1765 4349 1802 4402 ad
1819 4349 1923 4404 bonum
1943 4351 2015 4405 vires

318 4434 458 4506 telligitur
482 4452 548 4507 ergo
575 4453 626 4505 per
644 4435 781 4491 hominem
801 4436 948 4491 animalem
967 4436 1004 4505 is,
1029 4435 1156 4507 quisine
1183 4435 1323 4505 apostolus
1342 4436 1449 4506 tribuit,
1466 4435 1517 4492 red
1537 4445 1687 4491 extremam
1699 4434 1874 4499 idaaaalaaf
1886 4443 1919 4490 ut
1930 4444 2020 4492 osten·

320 4522 443 4593 Spiritus
465 4523 645 4576 renovatione
668 4523 734 4579 solis
755 4530 873 4578 naturae
894 4522 999 4578 viribus
1022 4528 1051 4579 et
1069 4523 1156 4578 facul·
1183 4521 1224 4576 dit
1244 4522 1356 4577 collatio
1376 4523 1459 4594 hujus
1478 4522 1545 4577 dieti
1565 4540 1629 4577 cum
1646 4523 1739 4594 priore
1759 4528 1780 4579 1.
1799 4521 1862 4580 Cor.
1884 4528 1908 4587 2,
1926 4541 1953 4581 v.
1974 4530 2019 4581 14:

258 4635 260 4648 =
317 4609 425 4665 tatibus
443 4609 587 4680 praeditus
599 4608 667 4680 agit,
686 4626 768 4680 quem
780 4593 921 4682 apostblus
934 4616 1015 4665 vocat
1027 4609 1155 4681 ψυχικόν,
1182 4609 1325 4663 Animalia
1342 4611 1423 4664 ltama
1441 4629 1497 4663 nan
1513 4610 1639 4679 percipit
1658 4627 1700 4678 ea,
1722 4626 1794 4680 quaa
1811 4617 1876 4663 sunt
1896 4610 2021 4679 Spiritus

317 4697 387 4769 quis
409 4713 466 4750 non
490 4695 552 4750 vuit
572 4695 691 4768 intelligi
708 4696 889 4767 Epicuraeos,
914 4698 962 4768 qui
984 4703 1048 4751 sunt
1067 4695 1155 4768 ἄλογα
1183 4696 1254 4761 Dei,
1278 4697 1334 4749 ima
1357 4714 1392 4750 ne
1410 4704 1504 4766 potest
1523 4697 1643 4766 pridem.
1679 4696 1777 4752 Ambr.
1795 4696 1830 4751 de
1850 4696 1919 4767 iuga
1935 4693 2020 4754 tetuli

318 4786 388 4852 caia,
414 4789 439 4838 2.
459 4781 537 4837 Petr.
557 4789 581 4845 1,
599 4801 625 4836 v.
647 4789 689 4853 12,
711 4784 837 4852 sedeas,
857 4784 905 4855 qui
922 4783 1093 4855 potissimum
1112 4783 1154 4838 sui
1180 4798 1205 4834 o.
1226 4788 1247 4837 1.
1268 4789 1297 4837 et
1314 4783 1433 4853 August
1452 4782 1500 4837 lib.
1517 4791 1540 4837 1.
1563 4782 1599 4837 de
1614 4782 1687 4838 bono
1701 4799 1809 4854 persev.
1831 4800 1854 4837 a
1870 4789 1898 4839 8:
1921 4785 2020 4852 Eaea,

317 4876 437 4941 partem,
466 4869 585 4923 animam
613 4868 719 4924 sufficet
745 4871 888 4937 excolunt,
919 4869 989 4925 tales
1017 4869 1085 4924 dicit
1103 4888 1154 4925 nec
1182 4870 1259 4938 quod
1280 4870 1425 4939 apostolus
1443 4868 1602 4937 dicit,uas
1620 4888 1677 4924 nan
1696 4888 1753 4925 esse
1773 4872 1889 4924 idoneas
1908 4870 2021 4938 aliquid

318 4958 428 5026 γνῶναι
457 4972 508 5010 neo
536 4957 668 5026 asprata
695 4973 729 5011 ea
754 4974 825 5029 quae
855 4964 920 5011 sunt
946 4956 1065 5027 Spiritus
1093 4956 1154 5012 Dei.
1181 4956 1245 5008 toni
1261 4957 1385 5023 ospitare
1408 4972 1440 5008 ea
1457 4954 1536 5010 nabis
1555 4963 1689 5025 tanquam
1709 4974 1741 5009 aa
1757 4956 1849 5024 nobis,
1875 4956 2020 5026 callipont,

316 5042 469 5114 Angustia
494 5049 633 5100 tractet.
658 5043 687 5098 in
703 5043 782 5099 aoh.:
811 5044 954 5098 Animalia
972 5044 1068 5112 lama,
1091 5046 1111 5098 i.
1131 5062 1153 5099 s.
1181 5059 1236 5096 non
1250 5058 1307 5095 esse
1322 5042 1349 5093 in
1356 5049 1497 5110 potestate
1506 5049 1605 5094 nostra
1614 5059 1662 5095 cor
1671 5042 2020 5110 nostrametcapitatianes

316 5131 369 5199 qui
390 5131 543 5183 amandam
568 5130 706 5185 hominem
729 5132 821 5200 sapit,
848 5130 980 5184 animalia
1004 5131 1097 5185 dictus
1118 5132 1154 5184 alr
1181 5136 1300 5195 nostras,
1322 5144 1341 5180 a
1354 5129 1419 5180 Deo
1437 5127 1507 5180 dari
1522 5127 1604 5180 cardi
1617 5128 1738 5181 trimano
1752 5128 1820 5197 pias
1836 5128 2020 5196 captationes

315 5216 428 5281 amma,
452 5216 580 5270 casualis
604 5235 622 5270 a
644 5233 743 5285 carne,
767 5217 836 5286 quia
860 5232 893 5269 ec
911 5216 1008 5269 amima
1025 5224 1052 5269 ct
1070 5235 1155 5271 came
1181 5223 1233 5269 etc.
1268 5213 1401 5285 Ejusdem
1420 5212 1468 5270 lib.
1489 5212 1606 5268 debon.
1626 5230 1733 5283 persev.
1759 5229 1784 5280 e.
1803 5218 1846 5268 1³:
1868 5215 2020 5283 capitaneos

315 5308 428 5355 canstat
443 5309 518 5355 totus
535 5303 624 5366 lama,
642 5319 699 5356 non
713 5303 845 5372 percipit,
862 5319 934 5371 quiae
950 5311 1015 5355 sunt
1029 5303 1155 5371 Spiritus
1181 5301 1334 5367 credimus,
1360 5300 1514 5368 cogitantes
1540 5299 1695 5366 loquimur,
1723 5297 1877 5366 capitumet
1901 5302 2019 5374 opimus,

317 5388 392 5457 Dei,
417 5388 436 5443 i.
460 5405 483 5442 e.
509 5389 581 5459 quid
601 5389 712 5457 pretias
734 5389 910 5442 credentibus
933 5391 1063 5450 conferat
1087 5407 1155 5443 amaa
1181 5386 1317 5457 quicquid
1341 5387 1468 5454 opimum
1498 5385 1576 5455 quod
1601 5390 1693 5436 autem
1720 5384 1817 5439 attinet
1841 5388 1883 5439 ad
1901 5388 2019 5455 pietatis

316 5473 435 5529 Christi.
470 5473 504 5529 Id
523 5473 614 5546 ipsum
632 5480 710 5532 textu
727 5474 878 5545 apostolico
896 5474 1043 5530 manifeste
1062 5481 1154 5529 osten·
1180 5474 1255 5527 ar'am
1275 5480 1300 5525 et
1317 5490 1412 5526 aarum
1430 5472 1490 5525 Dei
1507 5470 1623 5539 autam,
1644 5486 1700 5522 non
1718 5488 1813 5523 samm
1831 5472 1929 5528 idonei
1945 5475 2023 5542 capit

314 5560 403 5617 ditur.
448 5558 573 5631 Opponit
599 5561 673 5616 enim
699 5560 841 5632 apostolus
867 5559 1005 5614 hominem
1036 5559 1156 5630 ψυχικὸν
1182 5570 1243 5614 tare
1272 5557 1384 5628 aliquid
1411 5576 1444 5614 aa
1469 5557 1602 5610 nobismet
1629 5556 1700 5625 ipsis
1724 5564 1857 5626 tanqrsam
1881 5575 1914 5612 ea
1939 5561 2019 5613 nabis

313 5646 374 5714 illi,
402 5645 451 5717 qui
469 5646 601 5717 Spiritum
621 5647 676 5703 Dei
699 5647 783 5703 habet
800 5665 825 5701 v.
846 5653 891 5717 12,
910 5647 957 5716 qui
977 5645 1080 5717 Spiritu
1099 5648 1154 5703 Dei
1181 5647 1229 5701 lib.
1247 5651 1271 5700 2.
1296 5653 1392 5700 conns
1415 5644 1485 5698 duas
1511 5642 1589 5711 epist
1613 5641 1709 5713 Pelag.
1733 5643 1770 5697 ad
1791 5642 1916 5701 Bonitas.
1944 5661 1966 5698 c
1986 5650 2018 5700 a:

311 5731 492 5789 illuminatus
512 5740 561 5799 est,
580 5733 732 5806 eodemque
751 5734 857 5805 regitur
878 5733 914 5788 ad
934 5733 1045 5789 bonum.
1181 5732 1236 5786 Isti
1262 5726 1427 5804 [Pelagiani]
1451 5728 1547 5782 salunt
1575 5728 1604 5781 in
1628 5729 1738 5783 homine
1763 5731 1798 5783 ab
1823 5732 1885 5802 ipso
1908 5731 2018 5785 tamine

257 5821 295 5870 ὢν
349 5824 396 5875 36.
416 5817 544 5874 Alterum
562 5818 632 5873 illud
651 5833 708 5876 non
724 5819 815 5874 minus
829 5818 1006 5890 perspicuum
1019 5818 1117 5875 teor.
1130 5824 1154 5886 5,
1179 5819 1304 5887 incipere
1323 5818 1506 5887 cupiditatem
1525 5814 1603 5879 tani,
1623 5823 1652 5869 ut
1674 5816 1758 5887 hujus
1783 5818 1875 5887 coepti
1891 5816 2018 5872 meritum

308 5922 339 5961 v.
359 5912 399 5961 52·
419 5905 487 5960 aas
508 5922 604 5962 mmet
627 5907 720 5962 isaaci
742 5903 795 5978 ἀφ’
817 5904 922 5960 ἑαυτῶν
939 5907 1112 5978 λογίσασθαί
1128 5925 1154 5960 rs
1180 5905 1266 5960 etiam
1278 5903 1449 5975 perficiendi
1463 5902 1559 5972 pratia
1582 5910 1768 5971 carusquatur
1791 5909 1843 5959 ete
1878 5902 1939 5959 Sed
1956 5904 2020 5958 Do·

1634 6009 1686 6062 te*
