5017 6675
919 665 972 722 DE
989 664 1205 722 ELEOI'IONE
1221 664 1273 720 ΕΤ
1290 665 1594 728 REPROBATIONE.
2023 617 2030 632 Ι
2049 680 2088 740 ω

387 833 469 871 meno
487 817 586 888 generi
605 817 755 874 salnurem
772 817 866 887 linem,
888 835 944 891 qua
962 819 997 874 de
1014 837 1046 876 rs
1064 819 1128 875 vide
1147 818 1228 889 plura
1255 819 1397 889 canens,
1410 840 1466 892 qua
1477 825 1507 877 in
1519 826 1594 888 filios
1604 827 1666 881 Dei
1675 828 1858 897 adoptantur,
1875 827 1927 879 sed
1944 827 1980 880 de
1996 825 2089 895 porti-

388 902 516 974 suparius
534 903 564 956 in
582 903 642 958 loco
661 903 697 958 de
713 903 826 959 Pmrid.
1253 907 1353 975 calari,
1365 926 1421 978 qua
1432 910 1589 979 discipulos
1603 914 1645 965 ad
1655 930 1754 966 munus
1768 912 1962 982 praedicandi
1972 928 2088 979 enanpe·

316 990 374 1030 Dffl
421 994 462 1044 30.
500 989 577 1060 Ergo
600 989 751 1044 absurdum
776 994 820 1045 est
841 997 869 1046 et
893 991 1102 1062 ablasphemia
1118 991 1163 1046 rix
1181 1008 1227 1047 ex-
1253 992 1428 1049 liiCliristns
1445 998 1635 1052 destinaverat
1652 996 1717 1054 Joh.
1734 1004 1759 1067 6,
1777 1015 1803 1053 v.
1824 1005 1864 1054 lt).
1885 997 2087 1066 Luo.t,v.13.

303 1052 375 1133 fis
388 1075 477 1130 ausari
496 1081 597 1146 potest,
618 1075 720 1142 dicere,
738 1077 813 1148 quod
827 1077 905 1133 Deus
924 1079 960 1132 ad
972 1084 1094 1143 mortem,
1115 1086 1144 1133 et
1162 1095 1225 1133 eau-
1251 1095 1285 1133 ac
1306 1079 1388 1136 docet
1406 1080 1436 1135 id
1454 1081 1514 1152 ipse
1529 1089 1682 1138 contextus.

303 1154 359 1236 ³·-
388 1179 431 1217 sss
465 1162 562 1216 mortis
587 1169 729 1227 aeternae,
760 1163 790 1217 id
815 1170 856 1218 est
885 1164 923 1219 ad
947 1171 1064 1235 peccata
1089 1166 1225 1237 quosdam
1287 1171 1327 1221 31.
1363 1167 1483 1233 Quidam
1514 1168 1674 1239 disputant,
1711 1168 1993 1239 praedestinationem
2028 1187 2088 1226 esse

304 1247 351 1289 ¹¹⁸¹
387 1249 515 1304 absoluto
536 1247 601 1304 odio
620 1249 884 1320 praedestinaverit3
902 1251 1042 1323 quinimo
1059 1267 1111 1306 nec
1129 1251 1164 1306 de
1182 1269 1224 1307 re
1251 1253 1373 1308 omnium
1396 1252 1551 1324 promiscue
1574 1253 1728 1322 hominnm,
1755 1253 1915 1308 electionem
1934 1271 2000 1310 vero
2018 1272 2087 1326 peu·

386 1334 551 1409 probatione
584 1334 731 1410 impiorum
764 1339 834 1408 (qua
861 1337 939 1407 justo
966 1337 1075 1408 judicio
1109 1344 1224 1407 propter
1250 1355 1345 1392 corum
1376 1345 1499 1407 tanmm,
1526 1340 1655 1395 videlieet
1683 1341 1739 1395 rin
1761 1337 1920 1411 μελλόντων
1937 1339 2086 1399 πιστεύειν.

387 1420 498 1476 finden
525 1420 763 1490 impoenitentiam
790 1428 819 1476 et
842 1422 1064 1478 incredulitatem
1089 1424 1223 1494 qnondam
1248 1423 1471 1494 Respondemus:
1491 1424 1635 1496 Scriptura
1655 1425 1845 1480 indifferenter
1861 1425 1932 1480 haec
1951 1427 2087 1483 vocabula

387 1527 507 1585 eregno
524 1509 669 1566 coelorum
682 1511 760 1566 Deus
777 1510 925 1566 excludere
947 1510 1104 1580 constituit,
1126 1510 1222 1565 volun·
1249 1517 1366 1580 usurpat
1391 1517 1477 1582 atque
1508 1512 1625 1566 eandem
1651 1511 1794 1581 utriusque
1821 1511 1997 1566 latitudinem
2024 1529 2087 1569 esse

386 1606 442 1653 tate
460 1596 568 1651 sedicet
586 1597 709 1670 ἑπομένῃ
730 1603 758 1651 et
777 1597 939 1668 judiciaria)
957 1596 993 1651 de
1010 1597 1074 1665 illa,
1099 1596 1222 1666 inquam,
1250 1596 1331 1650 docet
1341 1594 1420 1650 Rom.
1437 1602 1460 1665 8,
1474 1612 1500 1649 v.
1514 1602 1544 1652 3:
1564 1615 1632 1665 quos
1643 1594 1882 1666 'praedestinavit
1900 1598 1950 1651 lios
1965 1605 1991 1650 et
2002 1615 2083 1652 noea·

387 1682 581 1754 reprobatione
593 1681 738 1753 Scriptura
756 1682 884 1753 nuspiam
902 1690 1019 1754 usurpat
1033 1682 1222 1753 praedestina·
1248 1683 1293 1750 vit,
1308 1683 1479 1751 justificavit
1495 1701 1529 1735 ac
1540 1683 1718 1752 plorificevit.
1744 1682 1844 1753 Ephes.
1863 1689 1890 1745 l,
1905 1701 1930 1739 v.
1944 1689 1976 1737 tr
1999 1684 2082 1751 clepit

386 1769 466 1825 fionis
484 1768 668 1840 vocabulum3
688 1769 764 1841 quod
785 1769 994 1840 ipseZanehius
1013 1769 1147 1840 agnoscit.
1176 1767 1222 1824 Sic
1248 1786 1298 1822 nos
1317 1771 1400 1822 Deus
1417 1770 1446 1822 in
1466 1769 1577 1823 Olrs'sto
1596 1779 1661 1823 ante
1673 1772 1759 1838 jacta
1772 1770 1872 1824 mundi
1883 1771 2080 1833 fundamenta.

387 1855 457 1911 mim
473 1854 571 1910 scribit
589 1853 636 1908 lib.
657 1862 682 1912 5.
700 1854 736 1910 de
752 1862 808 1910 nat
828 1855 882 1910 Dei
902 1872 926 1910 c.
945 1861 968 1910 2.
988 1873 1017 1925 p.
1037 1862 1096 1911 621.
1116 1855 1170 1909 col.
1190 1860 1220 1909 2:
1249 1873 1274 1908 v.
1289 1861 1318 1910 5:
1339 1857 1388 1924 qui
1399 1857 1624 1923 praedestinavit
1642 1874 1694 1910 nos
1715 1857 1747 1910 in
1764 1848 1946 1925 adeptionem
1954 1856 2084 1925 filiorum

389 1942 554 2011 Scripturas
571 1941 681 1995 nomine
693 1942 965 2011 praedestinationes
978 1942 1098 2011 proprie
1117 1942 1222 2011 sipns‘fi·
1251 1942 1337 1995 DEI.
1363 1947 1387 1998 2,
1406 1940 1502 1995 Thess.
1519 1946 1549 2009 2,
1567 1959 1593 1995 v.
1613 1947 1657 1997 13:
1681 1959 1732 1994 nos
1756 1943 1888 1995 dedemus
1911 1958 1994 2008 apere
2019 1945 2084 1997 Deo
2140 2008 2145 2013 .

387 2045 450 2082 sare
462 2028 554 2081 solent
568 2036 729 2080 sanctorum
743 2029 905 2081 electionem
923 2036 949 2081 et
969 2030 1010 2081 ad
1030 2028 1117 2080 eitam
1136 2036 1222 2081 aeter·
1248 2027 1372 2092 pretias,
1392 2029 1468 2095 estod
1479 2027 1654 2094 cleperitoos
1669 2029 1704 2080 ab
1716 2028 1798 2081 initis>
1813 2028 1991 2081 adsalutem.

385 2133 448 2167 nam
460 2115 670 2182 deportationem
681 2121 745 2166 ente
760 2115 860 2168 mundi
870 2114 1091 2168 constitucionem
1101 2117 1220 2179 factam
1285 2118 1326 2168 ³3.
1350 2112 1414 2167 Nou
1432 2119 1534 2167 temere
1553 2113 1666 2184 quidem
1685 2113 1739 2167 illis
1757 2114 1847 2167 dicam
1862 2112 2016 2181 scribimus,
2035 2113 2084 2184 qul

386 2199 506 2254 Zanchio
527 2198 714 2270 adstipulatur
729 2199 930 2265 Bellsrminus‚
958 2200 999 2255 sic
1027 2199 1100 2255 enim
1126 2199 1223 2254 scribit
1249 2198 1360 2266 dicunt,
1387 2197 1548 2253 electionem
1577 2200 1605 2253 et
1629 2199 1911 2269 praedestinationem
1935 2202 1973 2267 uqi
1994 2196 2083 2268 Λόγῳ

386 2287 454 2340 libro
474 2290 498 2341 2.
520 2285 556 2339 de
575 2291 647 2356 grat
665 2292 694 2340 et
710 2285 772 2340 libr.
793 2286 887 2340 arbitr.
905 2302 930 2339 c.
949 2291 994 2341 16:
1012 2303 1076 2340 nere
1096 2287 1127 2338 in
1145 2286 1220 2339 Seri-
1246 2283 1375 2339 fortasis
1394 2283 1516 2344 discerni
1529 2301 1619 2353 posse,
1637 2284 1712 2355 quod
1729 2283 1828 2338 electio
1844 2282 1974 2353 respiciat
1989 2300 2081 2355 segre·

382 2371 475 2437 pluris
487 2387 544 2423 non
555 2371 756 2424 inveniturloc
768 2388 867 2425 nomen
880 2371 938 2425 nisi
949 2372 978 2424 in
990 2373 1090 2425 donam
1099 2379 1219 2440 partem.
1247 2369 1387 2439 ga'tionem
1405 2369 1481 2424 illam
1498 2369 1622 2424 fidelium
1641 2369 1678 2425 ab
1697 2369 1870 2438 infidelibus,
1896 2371 2083 2439 praedestina·

386 2455 489 2520 Quodsi
513 2455 628 2527 qnidam
648 2473 681 2511 ex
703 2456 830 2527 patribus
846 2457 1106 2527 praedestinationis
1125 2473 1220 2512 vocem
1247 2456 1286 2510 tio
1302 2473 1368 2511 vero
1386 2457 1519 2527 respiciat
1536 2457 1604 2528 ὅρον
1621 2457 1713 2527 ipsum
1730 2457 1789 2512 sive
1801 2457 1958 2524 terminum,
1978 2457 2026 2527 qni
2041 2463 2084 2512 est

385 2541 485 2597 alicubi
508 2543 548 2596 ad
573 2543 705 2613 reprobos
722 2545 946 2608 accommodant,
968 2544 1080 2598 minime
1098 2543 1219 2598 omnium
1247 2541 1304 2595 vita
1321 2548 1451 2612 aeterna3
1470 2542 1544 2598 idem
1557 2544 1631 2614 quod
1644 2545 1816 2616 προορισμὸς
1826 2543 1974 2614 significet,
1992 2543 2083 2599 Deum

386 2627 413 2682 id
429 2627 539 2681 iaciunt
558 2644 591 2683 eo
610 2644 708 2697 sensu,
732 2645 766 2683 ac
787 2629 810 2682 si
830 2630 866 2684 ad
886 2629 1090 2685 damnationem
1108 2636 1136 2684 et
1153 2645 1217 2683 cau·
1246 2627 1328 2683 certis
1346 2629 1443 2682 mediis
1463 2645 1515 2683 ceu
1534 2629 1667 2684 limitibus
1686 2628 1934 2699 circumscripsisse
1948 2645 1990 2697 ea,
2010 2646 2083 2700 quae

387 2730 427 2767 sss
445 2713 644 2778 damnationis,
663 2714 716 2770 hoc
734 2715 829 2770 estad
849 2715 910 2786 ipsa
928 2722 1056 2785 peccata,
1079 2715 1156 2769 Deus
1173 2731 1219 2768 eos
1246 2714 1282 2767 ad
1306 2721 1428 2768 noemam
1450 2715 1568 2769 salutem
1593 2715 1746 2785 pertinent,
1771 2712 1869 2784 talari
1892 2700 1984 2769 autem
2005 2721 2082 2771 notd

386 2799 632 2870 praedestinaverit
648 2804 745 2870 (qnam
763 2801 927 2856 sententiam
945 2801 1054 2856 disertis
1072 2801 1165 2855 verbis
1177 2815 1218 2853 re·
1246 2816 1319 2868 mm,
1342 2817 1415 2871 quae
1434 2802 1516 2871 juxta
1539 2800 1609 2855 haec
1627 2817 1644 2854 a
1661 2800 1723 2856 Deo
1739 2801 1906 2869 instituitur,
1930 2802 2080 2870 separatio·

384 2883 482 2954 jicinnt
501 2890 530 2939 et
548 2885 706 2955 damnant),
725 2887 774 2940 sed
793 2885 945 2958 loquuntur
961 2887 997 2941 de
1010 2887 1089 2956 justo
1106 2886 1160 2941 Dei
1173 2887 1218 2956 ju·
1245 2902 1322 2952 uem;
1349 2886 1432 2940 modo
1454 2886 1534 2940 nobis
1557 2887 1679 2941 vicissim
1702 2887 1868 2954 concedant,
1893 2887 2079 2957 praedestina·

387 2969 468 3048 dicio,
494 2987 550 3040 quo
572 2971 715 3026 constituit
735 2988 799 3040 eos,
821 2972 870 3043 qui
888 2973 1001 3043 propria
1022 2972 1105 3043 culpa
1121 2973 1150 3025 in
1168 2971 1217 3025 im·
1244 2971 1347 3025 tionem
1368 2989 1431 3025 eum
1455 2972 1588 3027 electione
1608 2975 1691 3044 juxta
1710 2971 1868 3042 Scripturas
1885 2972 1999 3042 phrasin
2017 2990 2079 3028 esse

386 3056 558 3127 poenitentia
592 3062 620 3132 et
653 3057 849 3113 incredulitate
880 3071 931 3112 sua
963 3065 1155 3129 perseverant,
1188 3058 1217 3111 in
1244 3057 1349 3128 reipsa
1364 3056 1447 3112 ταυτό
1465 3079 1505 3122 u,-
1523 3059 1605 3115 modo
1624 3060 1708 3114 etiam
1726 3059 1827 3114 diserte
1841 3065 1984 3127 testentur,
2000 3074 2079 3129 prae·

386 3151 526 3197 aeternum
553 3142 603 3197 abs
622 3159 652 3197 se
672 3142 786 3214 rejicere
805 3160 838 3198 ac
858 3144 996 3200 damnare.
1027 3145 1157 3209 Interim,
1176 3145 1216 3198 nti
1244 3143 1454 3199 destinationem
1485 3145 1623 3215 respicere
1654 3162 1711 3199 non
1743 3145 1832 3199 solnm
1858 3145 1951 3199 media
1974 3144 2079 3212 salutis,

385 3228 510 3297 diximus,
529 3228 674 3299 Scriptura
691 3229 725 3284 de
738 3230 941 3301 reprobationis
953 3230 1065 3285 decreto
1076 3247 1217 3302 nunquam
1243 3235 1327 3300 prout
1343 3247 1361 3284 a
1379 3230 1441 3285 Deo
1459 3230 1621 3298 offeruntur,
1641 3231 1691 3285 sed
1709 3231 1792 3286 etiam
1811 3236 1896 3300 prout
1915 3230 1951 3284 ab
1962 3229 2078 3284 homini·

384 3320 409 3369 et
426 3314 557 3387 nuspiam
575 3315 834 3386 praedestinationis
854 3332 949 3371 vocem
966 3322 1090 3387 usurpat.
1125 3315 1217 3388 Hujus
1244 3318 1295 3373 bus
1320 3334 1370 3388 per
1395 3316 1513 3389 Spiritus
1532 3336 1552 3374 s.
1578 3316 1733 3373 efficaciam
1757 3317 1786 3371 in
1808 3315 1938 3372 cordibus
1957 3316 2079 3387 ipsorum

384 3399 434 3454 loci
455 3407 499 3456 est
521 3402 606 3456 etiam
625 3401 782 3456 observatio
799 3402 861 3470 illa,
885 3400 960 3473 quod
982 3402 1158 3473 Augustinus
1176 3420 1217 3458 re·
1243 3404 1385 3475 operantis
1401 3410 1589 3475 acceptantur.
1628 3407 1629 3411 ’

382 3487 481 3557 probos
507 3495 589 3542 vocat
606 3489 780 3558 praescitos,
807 3488 880 3542 solos
905 3496 998 3544 autem
1016 3489 1120 3543 electos
1137 3497 1217 3544 vocat
1278 3496 1319 3545 st
1351 3491 1527 3562 Augustinus
1551 3491 1591 3545 sic
1610 3490 1745 3562 loquitur:
1779 3492 1828 3544 De
1852 3489 2009 3544 damndsili
2028 3488 2078 3541 lsa-
2091 3502 2198 3542 cornuis

378 3574 614 3642 praedestinatas.
646 3573 837 3628 Temerarium
855 3588 921 3645 ergo
937 3581 988 3642 est,
1007 3575 1216 3645 quodPolanus
1243 3578 1321 3631 mani
1348 3578 1459 3644 pencris
1488 3594 1584 3630 measa
1606 3578 1688 3630 Deus
1708 3578 1862 3647 praescivit
1880 3572 2077 3628 misericordia
2090 3554 2207 3645 ’,ζῗξζῆἶζ

382 3659 409 3713 in
426 3659 544 3731 Sylloge
564 3660 634 3730 disp.
654 3667 726 3731 part.
745 3666 769 3715 2.
789 3660 824 3715 de
841 3659 980 3730 praedest.
1003 3677 1030 3730 p.
1052 3666 1109 3717 661.
1128 3669 1216 3732 putat,
1241 3679 1298 3715 non
1315 3664 1428 3726 meritis,
1451 3680 1519 3731 quos
1536 3670 1562 3715 et
1580 3662 1711 3716 electione
1728 3665 1840 3731 pretias
1855 3660 2078 3730 praedestinavit
2091 3656 2182 3698 ΝΜ·

380 3749 503 3815 praviter
521 3762 568 3799 eos
582 3763 716 3815 peecare,
729 3746 791 3815 ‚qui
812 3763 877 3800 uoce
896 3748 1168 3815 praedestinationes
1187 3750 1215 3800 in
1242 3750 1284 3801 ad
1302 3748 1396 3801 eitam.
1425 3748 1473 3801 lib.
1492 3753 1517 3803 6.
1536 3746 1671 3819 hypogn:
1699 3750 1780 3801 Deus
1799 3756 1947 3816 amequam
1967 3748 2078 3809 faceret
2112 3796 2120 3803 .

382 3833 453 3886 lana
471 3840 579 3885 tuntum
593 3840 679 3901 parte
695 3840 825 3899 utuntur,·
850 3849 933 3904 quem
957 3832 1059 3887 refellit
1076 3850 1109 3888 ex
1127 3833 1215 3904 philo·
1240 3851 1305 3898 nas,
1317 3833 1473 3902 praescivit
1484 3851 1549 3901 nos,
1568 3842 1593 3886 et
1606 3835 1636 3887 in
1647 3835 1712 3903 ipae
1723 3852 1774 3887 nos
1787 3833 1992 3903 praescientia,
2011 3850 2075 3885 eum

381 3917 502 3991 sophicis
539 3918 621 3973 etiam
657 3918 800 3989 principiis
834 3919 1063 3974 Keelrermannus
1098 3920 1160 3975 libr.
1191 3926 1215 3974 3.
1241 3922 1365 3973 nondum
1384 3919 1512 3984 fecisset,
1534 3920 1616 3988 clepit
1621 3940 1633 3984 ;
1653 3921 1730 3972 intra
1747 3922 1880 3972 noandum
1892 3920 1973 3985 sacti
1982 3935 2077 3971 sumus

380 4006 500 4075 Syrtem.
518 4004 601 4060 theol.
621 4022 644 4060 e.
667 4011 688 4061 l.
707 4023 734 4075 p.
754 4010 812 4061 296.
1242 4015 1268 4060 et
1286 4014 1351 4059 ante
1367 4007 1500 4059 mundum
1520 4006 1603 4058 electi
1618 4023 1727 4073 sumus,
1747 4014 1830 4074 atque
1845 4004 1887 4057 da
1899 4022 1955 4057 uno
1968 4007 2075 4058 eodem·
2089 4020 2125 4061 w.
2140 4019 2185 4062 teo.

307 4093 348 4132 ¹¹*
415 4097 457 4148 31.
484 4090 560 4147 Num
584 4107 648 4145 vero
674 4091 745 4146 inter
764 4092 927 4147 electionem
945 4097 974 4146 et
989 4091 1215 4163 praedestinabo·
1242 4108 1295 4160 que
1310 4109 1360 4145 nee
1371 4099 1531 4145 transeunte
1543 4109 1593 4144 nec
1600 4092 1717 4158 semro,
1734 4093 1786 4144 sed
1797 4091 1930 4144 coruinuo
1943 4099 2076 4160 tempore,

303 4154 346 4259 :isi
378 4195 443 4233 nem
461 4177 610 4232 discrimen
630 4178 771 4250 quoddam
789 4179 966 4233 statuendum
980 4177 1042 4232 est?
1063 4178 1216 4249 Disputant
1241 4179 1286 4231 nel
1304 4179 1331 4229 si
1344 4195 1404 4245 quo
1428 4177 1489 4230 alio
1509 4179 1592 4229 modo
1616 4177 1675 4229 diei
1696 4185 1805 4245 potest,
1828 4179 1854 4229 si
1877 4186 1972 4231 tamen
1997 4178 2078 4245 apud

303 4257 362 4339 Ἥ
379 4264 508 4334 quidam,
534 4264 814 4334 praedestinationem
831 4264 934 4319 factam
952 4264 988 4319 ab
1007 4271 1135 4333 aeterno,
1162 4265 1215 4320 ele·
1242 4267 1336 4318 Deum
1356 4271 1396 4317 est
1413 4273 1438 4317 et
1451 4264 1601 4331 praescire
1619 4271 1643 4316 et
1657 4265 1762 4331 faeere
1777 4264 1933 4331 etelipere5
1952 4271 1977 4316 et
1990 4279 2077 4331 prae·

304 4360 346 4398 us
377 4350 499 4405 monem
524 4355 618 4405 autem
642 4349 703 4405 fieri
723 4350 752 4404 in
773 4355 904 4420 tempore.
940 4348 987 4405 Sic
1002 4350 1136 4405 Bucanus
1154 4351 1215 4407 loeo
1240 4351 1357 4405 amentia
1386 4368 1439 4403 sua
1468 4349 1732 4404 incommutabiliter
1757 4356 1940 4418 permanente
1972 4349 2077 4416 stipere

306 4416 346 4502 42⁸.
378 4437 414 4491 de
434 4438 572 4508 praedest.
599 4455 626 4507 p.
644 4441 709 4491 387:
735 4437 847 4489 Eieetio
866 4438 987 4505 proprie
1009 4437 1151 4504 sipnifieat
1172 4455 1213 4491 se·
1235 4437 1400 4504 faciendos,
1420 4453 1488 4504 quos
1503 4436 1635 4498 facturam
1648 4435 1751 4501 suerat
1768 4435 1904 4501 elipando.
1941 4434 1984 4489 De
1996 4450 2076 4505 prac-

303 4515 355 4553 ”0'
372 4525 571 4594 porationm
594 4539 665 4591 quae
682 4539 714 4576 re
730 4523 797 4591 ipsa
808 4524 845 4592 fit
860 4538 915 4591 per
932 4523 1075 4591 efficacem
1092 4525 1214 4577 vacatio-
1241 4523 1309 4577 dest.
1330 4529 1358 4577 st
1375 4528 1446 4594 gree
1462 4538 1486 4575 c.
1508 4528 1538 4577 5:
1561 4522 1787 4574 Praedestiuatio
1808 4529 1849 4574 est
1865 4521 1975 4589 pratiac
1987 4538 2074 4590 prac-

303 4592 308 4602 ’
379 4627 442 4662 nem
464 4617 605 4662 cenarum
625 4610 764 4663 bominum
789 4610 937 4678 eperdito
958 4626 1059 4677 penere
1082 4610 1213 4673 humano,
1236 4608 1369 4677 paratim·
1400 4608 1435 4662 de
1462 4606 1714 4677 praedestinatione
1742 4612 1829 4663 sanct.
1866 4623 1890 4663 c.
1917 4612 1963 4662 1⁰:
1993 4606 2075 4672 clepit

378 4695 558 4763 metonymica
577 4704 730 4764 uscsrpatur
752 4714 808 4766 pro
826 4686 888 4764 ipso
906 4695 1032 4761 elipandi
1048 4698 1213 4765 proposito;
1240 4697 1321 4747 Deus
1341 4694 1371 4746 in
1388 4694 1498 4748 Christo
1516 4703 1582 4748 ante
1600 4694 1702 4747 mundi
1712 4693 1937 4747 constitutionem
1950 4694 2074 4745 membru

378 4782 428 4838 sed
453 4782 555 4836 falsum
578 4780 630 4836 hoe
659 4788 714 4849 est,
750 4782 817 4851 quia
840 4781 869 4835 in
891 4781 958 4836 sede
974 4780 1114 4835 ordinaria
1130 4783 1213 4852 hujus
1239 4780 1309 4847 ejus,
1325 4787 1351 4831 et
1363 4782 1501 4848 quomodo
1517 4781 1631 4848 stiparet
1645 4798 1700 4849 eos,
1715 4781 1898 4850 qainondam
1911 4786 2000 4846 erant,
2018 4778 2076 4830 nisi

376 4868 489 4923 amiud
507 4866 610 4937 Ephes.
634 4873 656 4922 1.
683 4867 785 4923 diserte
808 4866 910 4921 dicitnr
926 4885 952 4920 r.
974 4873 997 4921 4.
1024 4867 1140 4936 elepisse
1161 4886 1212 4921 nas
1234 4867 1500 4934 praedestinando!
1521 4867 1603 4933 clepit
1622 4883 1688 4932 erpo
1704 4866 1924 4935 praedestinans
1938 4882 2004 4930 ιιοε,ο
2023 4863 2073 4918 ibi·

378 4958 458 5009 Deus
476 4962 542 5007 ante
558 4954 659 5006 mundi
675 4954 903 5007 eonddmianem.
939 4952 1076 5024 Agnoscit
1100 4951 1210 5024 quidem
1237 4953 1300 5007 dem
1323 4968 1383 5022 cap.
1406 4957 1444 5007 18.
1480 4951 1532 5006 His
1558 4956 1587 5007 et
1612 4951 1801 5007 consimilibus
1827 4949 1958 5020 loquendi
1983 4948 2073 5004 modis

376 5041 519 5111 Scriptura
536 5038 697 5094 electionem
714 5037 964 5109 quandam,.quae
981 5038 1015 5092 fit
1032 5039 1062 5093 in
1080 5045 1211 5109 tempore,
1237 5038 1412 5109 Augustinus
1442 5036 1537 5092 utitur.
1572 5037 1737 5092 Ambrosius
1765 5043 1787 5093 1.
1819 5036 1853 5090 de
1880 5041 1969 5090 vocat.
1997 5041 2071 5107 gent

375 5126 508 5180 videlicet
525 5122 728 5194 cooptationem
746 5124 775 5177 in
792 5125 924 5196 populum
941 5124 1009 5192 Dei,
1028 5125 1073 5179 vel
1090 5125 1211 5180 vocatio·
1237 5142 1261 5180 c.
1283 5131 1313 5180 3:
1343 5127 1374 5178 in
1392 5126 1561 5178 immutabili
1579 5127 1660 5179 DEI
1673 5126 1792 5178 scientia
1816 5125 1896 5193 sputi
1912 5124 1994 5176 illum
2005 5125 2072 5192 jam

376 5228 439 5266 nem
462 5211 500 5265 ad
526 5217 631 5265 certum
650 5210 792 5281 quoddam
811 5210 945 5279 officium,
968 5216 1000 5265 ut
1021 5213 1149 5282 exempla
1167 5231 1211 5267 su·
1235 5212 1405 5266 universitas
1422 5212 1545 5264 bumana
1563 5213 1689 5265 diemde
1708 5219 1756 5266 est.
1792 5228 1815 5267 c.
1835 5215 1866 5265 6:
1891 5211 2075 5278 praecopniti

344 5368 347 5374 Ι
376 5298 469 5368 perine
488 5296 612 5351 adducta
628 5296 790 5365 ostendunt3
818 5297 872 5351 sed
891 5297 1003 5368 quando
1023 5298 1058 5353 de
1077 5298 1211 5353 electione
1237 5308 1263 5352 et
1279 5298 1481 5368 praeordinati
1498 5298 1528 5350 in
1544 5315 1659 5365 repnum
1677 5299 1743 5351 Dei.
1769 5314 1793 5352 c.
1813 5303 1836 5352 1.
1856 5297 2072 5366 discretisque

375 5383 411 5437 ad
428 5383 516 5437 vitam
532 5388 673 5436 adernam
690 5388 821 5453 usurpat,
848 5400 956 5454 semper
973 5384 1008 5439 de
1025 5369 1137 5440 aeteino
1157 5385 1210 5440 Dei
1237 5388 1318 5440 Deus
1335 5385 1409 5438 alios
1427 5384 1512 5453 elipit,
1530 5384 1604 5439 alios
1621 5402 1678 5438 non
1694 5383 1782 5451 elipit.
1807 5383 1854 5437 lib.
1874 5388 1897 5439 2.
1916 5400 1939 5438 e.
1959 5389 1991 5439 t:
2016 5401 2073 5438 non

375 5469 503 5541 eligentis
530 5467 642 5523 decreto
659 5469 802 5540 accipitur.
851 5467 957 5524 Unicus
983 5469 1061 5524 locus
1080 5477 1137 5540 est,
1162 5473 1210 5543 qni
1236 5480 1278 5525 est
1290 5471 1457 5540 cujusquam
1470 5469 2072 5539 ruinosediunnconuisnttonednpostta.

375 5572 425 5626 pro
442 5553 648 5625 significatione
663 5554 727 5623 ills3
742 5570 826 5626 qnam
842 5552 974 5609 Bucanns
990 5556 1131 5627 propriam
1150 5573 1210 5613 esse
1235 5576 1259 5613 e.
1271 5564 1314 5615 lt:
1326 5558 1628 5626 scammaproeeapnita
1640 5563 1725 5625 atque
1736 5556 1766 5609 in
1776 5555 1889 5610 Obristo
1901 5565 1964 5610 ante
1977 5558 2073 5610 secula

374 5641 526 5709 contendit,
546 5640 639 5711 specie
660 5640 755 5711 aliqua
773 5639 867 5711 urgeri
885 5647 983 5710 potest,
1001 5642 1207 5699 videlicetloh.
1235 5653 1351 5699 aeterna
1370 5643 1541 5712 praeelecta.
1577 5641 1731 5699 Bonavent.
1760 5642 1800 5697 ita
1817 5642 1954 5714 disputat:
1983 5644 2072 5696 Prae·

377 5734 415 5797 15,
436 5747 461 5782 v.
483 5727 878 5795 161Nonvosmeetepirtis‚
898 5729 1210 5799 sesmoeteqtsoqer
1236 5730 1389 5785 destinatio
1412 5729 1499 5802 addit
1524 5730 1650 5782 ordinem
1678 5736 1704 5781 et
1729 5730 1910 5782 directionem
1935 5729 1965 5779 in
1981 5728 2072 5795 finem,

368 5814 457 5884 pensi
467 5831 528 5878 sos,
546 5820 577 5867 ut
588 5814 661 5867 eats's
675 5821 701 5867 et
710 5814 841 5881 snscmm
856 5814 998 5883 afferats's,
1014 5815 1065 5871 sed
1076 5814 1209 5872 Calvinus
1235 5818 1288 5871 sed
1304 5815 1402 5870 electio
1419 5814 1523 5884 adjicit
1541 5815 1738 5870 diserdionem
1756 5816 1814 5870 sios
1830 5814 2035 5885 separationem
2052 5830 2072 5866 a

372 5902 434 5975 ipse
449 5901 480 5956 in
497 5916 595 5956 comm
614 5899 692 5971 dicit,
708 5900 1210 5976 mnopiliedecommunipiorum
1235 5920 1287 5958 suo
1306 5900 1445 5973 opposito.
