5017 6675
536 678 728 733 remissionem
750 686 931 747 peccatorum
953 678 1105 735 amulium
1127 696 1147 733 a
1171 679 1258 733 ΒΕΘ
1278 685 1371 747 peten-
1400 679 1474 733 cisso
1495 680 1595 735 veteris
1616 679 1772 735 traditionis
1790 654 1930 737 mbemate
1951 679 2104 738 venditata
2142 684 2239 737 Audi·

538 768 614 822 dam.
649 766 728 832 Erpa
749 782 783 819 en
799 782 856 819 non
875 773 939 820 sunt
956 773 1037 820 tecta.
1070 764 1293 836 Respondemus.
1313 764 1372 819 Imo
1399 764 1464 832 stis,
1484 767 1571 834 quod
1595 767 1701 820 dictum
1727 766 1765 819 sit
1787 767 1926 836 nmquis,
1954 785 2010 821 non
2036 769 2162 835 occides,
2189 770 2240 840 qui

538 870 604 908 vero
635 850 796 906 invertimus
825 850 879 907 boc
908 858 1115 923 argumentum:
1145 851 1217 917 Quia
1246 850 1373 907 Christus
1400 858 1490 904 autem
1508 852 1657 921 occiderit,
1682 870 1746 906 reses
1764 853 1818 905 erit
1829 852 1961 933 judici&
1985 871 2019 909 ex
2037 872 2092 926 quo
2109 863 2260 927 apparet*

535 939 618 1012 jubet
635 954 686 1008 pro
705 936 874 1008 quotidianis
892 953 971 993 orare
988 937 1102 1006 delictis,
1120 945 1149 993 et
1168 937 1373 994 exauditionem
1400 935 1563 992 Pharisaeos
1581 938 1837 1008 interpretationem
1859 939 1949 1009 quinti
1969 942 2111 1012 praecepti
2130 943 2170 996 ita
2189 943 2237 999 de·

539 1042 654 1098 precum
671 1022 815 1095 promisit,
842 1041 908 1096 ergo
929 1030 1063 1095 teguntur
1082 1032 1110 1080 et
1128 1025 1307 1079 remittuntur
1325 1041 1372 1095 pe
1400 1039 1543 1093 pravasse,
1568 1024 1642 1094 quod
1667 1026 1691 1079 is
1711 1030 1834 1094 tantum,
1852 1024 1901 1096 qui
1918 1032 2032 1081 extasim
2048 1044 2132 1098 opere
2149 1027 2238 1082 homi·

539 1110 662 1169 tentibus
680 1110 708 1163 in
727 1108 791 1177 lide,
809 1126 843 1164 ao
862 1109 915 1164 nisi
933 1110 1021 1181 gratis
1040 1117 1154 1182 propter
1173 1109 1314 1165 Christum
1332 1127 1374 1165 rc·
1401 1107 1504 1163 cidium
1522 1109 1677 1179 committit,
1696 1126 1759 1164 reus
1778 1110 1814 1165 sit
1834 1111 1892 1165 irae
1907 1110 1960 1167 Dei
1978 1118 2007 1167 et
2023 1129 2130 1184 poenae
2147 1121 2237 1170 aeter·

539 1200 726 1261 mitterentur,
744 1212 806 1252 reos
824 1213 880 1251 non
898 1195 1032 1251 facerent
1067 1197 1119 1250 Est
1137 1196 1248 1252 omnino
1266 1196 1316 1251 illa
1333 1213 1373 1250 re·
1401 1212 1454 1249 nae
1470 1212 1562 1251 coram
1582 1195 1635 1251 Dei
1650 1197 1770 1267 judicio,
1793 1197 1910 1268 perinde
1934 1204 1966 1252 ιιι
1986 1199 2015 1252 in
2038 1199 2114 1255 civili
2129 1201 2237 1271 judicio

538 1291 667 1341 natorum
686 1283 810 1355 precatio
826 1288 996 1355 perpetuum
1018 1283 1084 1338 fidei
1104 1283 1279 1345 exercitium,
1302 1284 1374 1354 ejus·
1398 1285 1480 1354 juxta
1497 1284 1619 1338 forenses
1637 1283 1714 1355 leges
1732 1284 1838 1354 Moysis
1864 1289 2007 1340 externum
2024 1292 2133 1342 tantum
2150 1287 2237 1342 homi·

539 1373 657 1444 demque
674 1369 879 1426 confirmandae
898 1377 926 1425 et
944 1369 1089 1441 augendas
1108 1369 1237 1432 medium,
1258 1369 1374 1441 proinde
1401 1369 1505 1424 cidinm
1520 1376 1608 1425 morte
1626 1369 1801 1440 puniebatur.
1832 1371 1907 1426 Huic
1923 1373 2096 1442 corruptelae
2110 1372 2237 1428 Christus

538 1475 594 1513 non
619 1456 723 1512 debent
740 1456 793 1512 bae
811 1473 907 1528 preces
925 1460 953 1510 et
971 1455 1074 1510 fiducia
1090 1455 1259 1510 remissionis
1277 1472 1374 1526 pecca·
1401 1455 1516 1526 opponit
1545 1472 1639 1510 veram
1666 1455 1737 1527 legis
1765 1456 1876 1512 divinae
1901 1458 2113 1529 explicationem
2136 1477 2162 1514 v.
2191 1466 2238 1515 ιιι

539 1551 629 1599 torum
646 1543 699 1598 sibi
718 1543 833 1614 opponi,
853 1542 902 1597 sed
922 1541 991 1598 fides
1011 1542 1059 1597 illa
1076 1549 1152 1598 certo
1169 1547 1293 1597 statuens
1311 1560 1374 1614 pro·
1402 1543 1466 1611 Epo
1487 1550 1580 1595 nutem
1598 1543 1663 1596 dico
1687 1543 1777 1608 υοόιι,
1805 1542 1873 1613 quia
1897 1545 2001 1613 omnis,
2028 1547 2079 1615 qui
2102 1546 2238 1600 irascitur

538 1637 602 1702 pter
622 1628 761 1684 Christum
780 1634 898 1699 peccata
919 1627 1085 1683 infirmitatis
1112 1628 1275 1700 quotidiana
1293 1627 1374 1683 nobis
1399 1628 1493 1694 fratri
1515 1645 1581 1692 suo,
1613 1644 1678 1681 rens
1704 1629 1757 1682 erit
1781 1630 1907 1698 judicim-
1939 1631 1989 1700 pai
2014 1639 2105 1685 auum
2131 1633 2238 1686 <imerii

428 1718 431 1724 '
539 1715 644 1772 remitti
662 1732 712 1786 per
730 1714 881 1769 orationem
901 1731 961 1770 sese
976 1713 1078 1769 exserit
1096 1720 1124 1768 et
1142 1721 1318 1785 peccatorum
1333 1731 1373 1768 re·
1401 1714 1559 1775 fratrissa
1579 1732 1664 1780 rnna,
1691 1731 1756 1768 resse
1775 1716 1830 1769 erit
1846 1716 1981 1785 ennedim
2007 1717 2057 1786 qui
2072 1727 2167 1772 autem
2193 1720 2236 1772 di·

539 1803 696 1858 missionem
728 1802 844 1874 quaerit.
891 1803 917 1854 2.
950 1800 1069 1854 Falsum
1095 1801 1178 1853 etiam
1204 1801 1281 1853 illud
1307 1817 1374 1868 esse,
1401 1800 1473 1854 sers't
1485 1801 1585 1867 satus,
1608 1818 1673 1854 rsus
1699 1802 1752 1854 erit
1770 1802 1912 1869 gehennoe
1930 1804 2018 1873 ipsiu·
2043 1802 2094 1857 nbi
2113 1803 2241 1859 ostendit

539 1890 617 1961 qrsod
634 1906 668 1942 en
685 1889 775 1943 solum
789 1886 979 1958 peceatnsint
996 1885 1130 1951 venialia,
1148 1903 1219 1956 quae
1237 1902 1299 1940 eum
1311 1888 1373 1953 fids
1401 1892 1520 1957 quatuor
1538 1887 1641 1957 gradus
1659 1892 1851 1956 peecatorum,
1879 1888 1979 1960 quibus
2002 1889 2132 1961 quintum
2156 1907 2237 1961 prse-

538 1977 698 2038 eonsistunt,
712 1976 784 2043 sore
802 1975 874 2028 enirn
890 1971 1092 2040 msacrilepia,
1111 1973 1273 2040 homicidia,
1292 1972 1373 2025 aaut
1401 1979 1512 2043 ceptum
1532 1972 1567 2027 de
1585 1972 1805 2028 non-occidendo
1822 1972 1948 2028 violatur.
1981 1973 2114 2043 Quisquis
2133 1977 2234 2030 irasci·

538 2065 625 2131 saria,
647 2064 729 2128 furta
748 2067 800 2116 ete.
824 2061 880 2114 sint
896 2058 1029 2112 venialia.
1065 2063 1093 2111 3.
1112 2058 1232 2112 Falsum
1256 2059 1374 2128 denique
1400 2067 1447 2111 tur
1463 2058 1571 2127 fratr-i,-
1594 2058 1705 2114 nomine
1731 2058 1787 2113 irae
1811 2059 1944 2131 intelligit
1967 2076 2061 2115 omnes
2086 2061 2233 2117 interiores

539 2157 565 2205 et
593 2149 672 2202 istud
699 2163 770 2215 esse,
796 2146 874 2215 quod
902 2153 1019 2214 peccato
1045 2145 1177 2199 mortalia
1201 2161 1257 2198 non
1285 2145 1374 2198 consi·
1403 2150 1493 2200 motus
1516 2144 1545 2199 in
1571 2152 1676 2214 mente,
1702 2146 1846 2201 voluntate
1873 2151 1902 2201 et
1918 2146 2002 2201 corda
2027 2163 2091 2201 curn
2119 2149 2240 2218 proximi

538 2243 614 2293 stant
632 2251 694 2287 eum
705 2231 773 2301 fide.
809 2228 1032 2302 Respondemus:
1050 2229 1193 2285 haedere
1210 2229 1239 2284 in
1256 2230 1373 2284 articulo
1403 2232 1517 2287 caritate
1535 2237 1701 2302 pugnantes.
1737 2234 1763 2285 2.
1787 2231 1919 2302 Quaqua
1945 2232 2049 2286 dicerit
2070 2235 2171 2300 fratri
2188 2253 2242 2288 suo

540 2321 575 2376 de
589 2317 791 2392 justificatione
808 2317 916 2373 dicetur
934 2322 962 2372 et
979 2315 1146 2372 contrarium
1166 2317 1309 2372 evidenter
1325 2317 1374 2372 de·
1402 2336 1490 2385 Μαι,-
1518 2335 1581 2373 cum
1598 2316 1643 2371 hic
1663 2318 1767 2388 gradus
1788 2305 1909 2388 ponatur
1924 2318 1952 2372 in
1972 2326 2063 2373 mente
2081 2318 2154 2374 inter
2172 2321 2243 2376 affe-

540 2403 745 2463 monstrabitur.
1405 2411 1467 2458 ctus
1486 2403 1630 2459 interiores
1649 2410 1677 2458 et
1692 2403 1840 2457 manifesta
1857 2404 1991 2470 convitia,
2014 2404 2080 2460 inde
2097 2406 2242 2478 colligitur

411 2510 448 2553 ιι
467 2489 777 2550 consalandum
803 2487 888 2560 igitur
912 2505 935 2543 o.
956 2494 979 2545 9
1003 2487 1145 2559 acropolin
1172 2487 1374 2544 controversiae
1403 2489 1455 2544 sub
1473 2507 1540 2545 voce
1559 2506 1633 2555 raca,
1653 2507 1724 2561 quae
1738 2490 1835 2560 procul
1854 2488 1939 2544 dubio
1957 2496 2015 2544 tum
2034 2494 2168 2562 temporis
2187 2492 2243 2548 fuit

429 2568 527 2654 ³:35·
541 2577 702 2652 aggreditur
728 2574 912 2630 Bellarminus
943 2579 971 2628 et
997 2581 1113 2629 conatur
1147 2574 1280 2644 probare,
1315 2593 1375 2630 esse
1402 2576 1526 2648 vulgaris
1546 2576 1597 2630 et
1589 2593 1619 2630 ιιι
1637 2577 1758 2631 omnium
1773 2593 1819 2631 ore
1835 2575 2029 2644 comprehendi
2048 2577 2143 2631 omnia
2158 2578 2240 2650 signa

412 2663 456 2717 9¹¹
470 2665 515 2705 ¹¹⁸·
541 2665 677 2737 quaedam
700 2679 750 2717 sna
772 2665 873 2716 natura
895 2659 1014 2715 venialis
1035 2665 1159 2731 peccata.
1194 2660 1316 2715 Primam
1334 2679 1375 2716 ar·
1403 2669 1431 2717 et
1458 2668 1553 2734 gestus
1579 2661 1643 2715 irati
1670 2662 1763 2715 animi.
1807 2664 1833 2713 3.
1859 2660 1991 2729 Quisquis
2017 2662 2123 2715 dicerit
2142 2666 2239 2733 latae,-

414 2717 486 2808 iiiiir'
540 2757 654 2824 gument
655 2765 733 2803 orum
752 2747 868 2802 classem
887 2745 959 2817 petit
977 2763 1010 2801 ex
1023 2746 1181 2816 Scriptura·
1202 2752 1222 2802 l
1236 2745 1334 2801 Matth
1351 2756 1374 2814 5,
1402 2748 1455 2803 hoo
1476 2753 1532 2808 est,
1553 2746 1600 2818 qui
1620 2746 1784 2801 iratissimi
1804 2746 1920 2801 affectus
1940 2748 2237 2817 permaniiestscon-

411 2818 566 2920 ffiffistv
585 2842 632 2894 22ι
660 2835 716 2899 Qui
737 2835 874 2887 irascens
890 2831 983 2915 fratri
999 2849 1063 2900 erro,
1087 2850 1151 2886 reris
1176 2833 1230 2887 erit
1244 2834 1376 2902 judicio,·
1403 2834 1471 2888 vitia
1496 2840 1524 2888 ct
1548 2833 1696 2887 maledicta
1722 2831 1853 2887 ostendit
1888 2830 2237 2905 circumsessusne,

541 2923 592 2995 qui
616 2922 720 2976 eliserit
745 2936 829 2987 rasa,
858 2934 922 2972 reus
949 2918 1001 2971 erit
1028 2918 1167 2983 anamiim
1196 2920 1245 2988 qui
1272 2921 1376 2973 dicerit
1404 2920 1456 2975 hoc
1476 2925 1525 2983 est,
1544 2920 1591 2990 qui
1610 2927 1721 2974 externo
1737 2935 1819 2990 opere
1838 2936 1938 2990 corpus
1952 2926 2002 2973 ιιιι
2017 2921 2104 2976 vitam
2122 2923 2236 2992 proximi

538 3011 628 3077 fatue,
648 3024 712 3062 ressa
730 3005 1049 3073 suessionensium
1066 3005 1375 3073 rbitresprudusira-
1403 3007 1527 3075 laeserit,
1553 3005 1679 3061 omnibus
1706 3012 1734 3061 et
1763 3006 1880 3077 singulis
1903 3005 1979 3061 bisce
2004 3008 2140 3078 gradibus
2160 3012 2236 3081 quin·

541 3097 662 3151 madiae
679 3092 776 3146 statuit
797 3089 935 3161 Christus,
961 3090 1117 3160 eisdemque
1137 3099 1194 3144 tres
1212 3100 1308 3144 reatus
1326 3110 1374 3162 op·
1404 3100 1463 3147 tum
1482 3092 1608 3164 decalogi
1623 3099 1804 3163 praeceptum
1820 3091 1918 3147 violari
1934 3090 2060 3148 Christus
2078 3094 2171 3165 docet,
2188 3113 2236 3153 nee

538 3181 634 3255 pauit,
659 3179 713 3234 hoc
740 3176 780 3233 ita
807 3175 930 3247 applicat
955 3173 1155 3231 Bellarminns:
1188 3178 1376 3244 Manifestum
1405 3197 1467 3234 eum
1485 3180 1582 3247 solum,
1601 3179 1649 3249 qui
1667 3178 1799 3233 occiderit
1817 3179 1988 3248 proximum,
2017 3180 2066 3236 scd
2086 3181 2172 3237 ιιιιιιι
2191 3185 2237 3255 qni

467 3302 469 3304 -
541 3267 704 3335 ennodium,
728 3263 856 3319 testacei
872 3263 974 3333 judice
993 3258 1117 3331 Uiriato,
1141 3263 1216 3327 facit
1232 3282 1311 3318 reum
1327 3283 1373 3335 pe·
1405 3267 1495 3321 eidem
1511 3266 1598 3318 iratus
1614 3263 1712 3331 fuerit,
1732 3264 1840 3334 judicio
1863 3264 2012 3319 obnoxium
2031 3282 2093 3323 esse
2116 3285 2237 3339 pronun·

540 3356 648 3411 hennae
675 3353 763 3422 ipnss,
794 3367 828 3405 ao
849 3365 906 3420 per
928 3350 979 3403 boe
1008 3357 1048 3404 est
1076 3350 1196 3403 manate
1221 3361 1375 3420 peceatum.
1403 3356 1462 3410 tiat.
1498 3353 1624 3423 Respicit
1642 3359 1743 3420 sutem,
1761 3353 1803 3408 uti
1822 3353 1942 3422 dictum,
1965 3352 2093 3409 Christus
2110 3356 2146 3409 ad
2167 3357 2238 3411 Pha-

540 3440 700 3497 Iraeundia
718 3456 786 3492 sono
804 3437 880 3489 vocis
898 3451 1041 3505 expressa,
1059 3438 1113 3489 ssd
1130 3438 1171 3489 acl
1187 3438 1292 3491 malum
1313 3455 1376 3491 con·
1404 3442 1554 3495 risaeorum
1571 3440 1751 3511 corruptelas,
1771 3440 1818 3511 qui
1834 3440 1980 3507 docebant,
1997 3445 2113 3496 externa
2129 3447 2238 3497 tantum

540 3525 859 3597 sininonperu'nnenr,
878 3522 1046 3584 fatt'irtvm
1064 3522 1184 3590 concilii,
1203 3523 1302 3588 idest,
1320 3542 1376 3577 nnn
1404 3527 1533 3600 graviora
1553 3526 1668 3589 delicta,
1695 3542 1767 3597 quse
1778 3525 1885 3596 judicio
1903 3526 2005 3581 forensi
2023 3527 2156 3597 capitalia
2176 3546 2238 3584 cen·

482 3663 485 3668 ,
541 3620 670 3680 constat,
690 3631 728 3666 nn
746 3617 887 3662 mereatur
903 3607 1070 3676 pelicanum,
1095 3610 1148 3662 aad
1166 3617 1216 3662 aut
1234 3625 1268 3663 ea
1285 3628 1377 3680 poena
1404 3619 1507 3679 sentus,
1523 3627 1615 3665 coram
1629 3610 1683 3664 Dei
1701 3611 1784 3666 etiam
1798 3611 1907 3680 judicio
1919 3612 2108 3668 maledictioni
2119 3613 2239 3669 obnoxia

540 3709 589 3754 aut
612 3701 718 3754 minore
742 3698 830 3766 dipsa
858 3703 907 3750 est.
951 3695 1135 3750 Inveniuntur
1162 3713 1227 3765 erpo
1254 3706 1375 3767 peccata
1403 3716 1470 3764 esse,
1490 3697 1539 3751 sed
1558 3696 1684 3750 Christus
1702 3696 1755 3751 hac
1772 3713 1823 3751 sua
1842 3697 2024 3767 explicatione
2043 3698 2178 3764 ostendit,
2203 3700 2237 3755 de

539 3788 691 3858 quaedam,
723 3800 794 3855 quae
821 3782 929 3838 leviora
954 3790 1030 3845 sunt,
1058 3799 1140 3849 quam
1168 3790 1198 3835 ut
1222 3783 1374 3851 pelicanum
1402 3783 1595 3856 magnitudine
1625 3788 1803 3852 peecatorum
1833 3788 1862 3837 et
1887 3783 1922 3838 de
1953 3784 1994 3838 ira
2019 3783 2074 3840 Dei
2104 3785 2238 3840 adversus

538 3870 613 3940 ipnis
642 3878 809 3925 mereantur.
855 3867 991 3930 Quorsum
1015 3868 1088 3920 enim
1111 3877 1257 3935 caperetur
1284 3871 1375 3923 canei·
1402 3876 1516 3940 peccata
1533 3885 1625 3924 coram
1643 3867 1696 3923 Dei
1716 3868 1824 3938 judicio
1840 3886 1897 3922 non
1915 3884 1975 3923 esse
2000 3870 2237 3940 pronuntiandum

539 3957 610 4011 lium
627 3959 669 4011 ad
685 3957 913 4022 discernendum,
938 3973 1003 4013 num
1028 3954 1127 4024 aliqua
1147 3955 1232 4025 culpa
1249 3957 1375 4025 peinana
1401 3973 1434 4011 ex
1456 3957 1544 4010 forma
1559 3955 1727 4025 judiciorum
1747 3953 1928 4009 humanorum
1952 3955 1995 4010 vel
2019 3971 2052 4010 cx
2079 3956 2238 4012 forensibus

540 4044 614 4116 ipsis
638 4044 787 4113 punienda
812 4048 893 4109 esset,
919 4040 948 4092 si
975 4057 1067 4093 omnes
1096 4040 1195 4109 eulpae
1221 4042 1375 4110 peiennam
1400 4042 1524 4113 legibus,
1554 4041 1602 4097 sed
1626 4058 1659 4096 ex
1685 4039 1808 4111 genuina
1832 4040 1958 4111 decalogi
1978 4042 2132 4111 sententia,
2156 4044 2239 4114 juxta

540 4130 614 4200 ime
632 4129 824 4183 mererentur?
850 4134 913 4181 ssent
937 4143 1002 4193 erpo
1026 4126 1126 4195 culpae
1150 4126 1280 4197 aliquae,
1305 4146 1376 4198 quae
1402 4146 1484 4200 quam
1507 4127 1588 4182 etiam
1609 4126 1641 4194 is,
1662 4127 1709 4198 qui
1728 4126 1906 4181 interioribus
1926 4126 2025 4181 saltem
2040 4126 2099 4183 irae
2115 4128 2237 4183 motibus

541 4216 637 4271 divino
648 4216 764 4286 justicio
783 4213 846 4267 sala
859 4212 1374 4284 poenatemporalimultandoesnnt.
1402 4215 1528 4286 quintum
1544 4218 1726 4283 praeceptum
1744 4212 1962 4282 transgreditur,
1985 4212 2095 4283 judicio
2117 4214 2171 4268 Dei
2189 4214 2240 4269 fiat

539 4302 649 4358 Rursus
669 4300 835 4366 iracundia,
862 4314 933 4367 quae
957 4297 1037 4350 nullo
1055 4298 1134 4362 siano
1156 4308 1268 4352 esterno
1286 4303 1376 4368 saras
1402 4299 1545 4356 obnoxius.
1582 4299 1654 4363 Quia
1676 4315 1741 4353 vero
1762 4298 1900 4368 judicium
1917 4297 1972 4351 Dei
1989 4299 2025 4354 de
2043 4300 2240 4370 magnitudine

535 4387 710 4458 prorumpit,
737 4403 792 4437 non
815 4383 890 4448 facit
915 4401 991 4436 reum
1015 4385 1148 4452 coneilio,
1175 4386 1228 4438 sed
1249 4387 1376 4455 jadieio;
1402 4392 1430 4441 et
1447 4386 1542 4456 poenis
1560 4390 1737 4454 peccatorum
1755 4383 1879 4438 declarat
1893 4382 2018 4437 Christus
2034 4400 2086 4453 per
2102 4386 2240 4441 vocabula

457 4521 465 4548 ·.
540 4474 591 4527 loc
610 4479 658 4539 est,
676 4488 731 4523 non
751 4477 873 4537 constat,
892 4487 931 4521 un
950 4478 1090 4522 mereatur
1105 4483 1228 4539 poenam
1249 4472 1376 4540 aliquam
1398 4472 1506 4541 judicii,
1526 4469 1635 4525 concilii
1654 4476 1683 4523 ct
1701 4468 1837 4539 synedrii,
1863 4485 1934 4539 quae
1951 4469 1980 4523 in
1997 4469 2098 4539 politia
2115 4470 2241 4527 Mosaios

467 4559 474 4574 '
539 4560 582 4614 uei
602 4556 718 4610 nullam.
753 4553 976 4625 Respondemus:
996 4554 1155 4611 foedissima
1175 4557 1242 4612 haec
1259 4564 1301 4611 est
1318 4564 1375 4611 tex·
1402 4557 1505 4611 usitata
1530 4561 1622 4622 erant,
1650 4555 1713 4610 ideo
1744 4553 1962 4622 observandum,
1989 4555 2065 4626 quod
2092 4574 2126 4612 ex
2149 4556 2239 4613 Panlo

539 4650 585 4699 tus
614 4640 788 4712 depravatio,
825 4640 899 4710 quod
933 4640 973 4696 sic
1005 4642 1183 4696 ostendimus.
1233 4641 1376 4697 Docuerat
1401 4642 1490 4713 Regio
1515 4642 1544 4696 in
1571 4659 1594 4697 c.
1623 4647 1663 4696 16.
1690 4640 1773 4695 Dcut.
1797 4644 1912 4695 annotat
1928 4640 1983 4694 Dn.
2003 4640 2183 4698 Chemnicins
2209 4645 2241 4700 in

541 4729 667 4785 Christus
685 4728 715 4780 in
732 4725 978 4797 praecedentibus,
996 4744 1051 4782 non
1071 4728 1305 4799 qualemcunque,
1327 4728 1375 4783 sed
1387 4687 1390 4768 i
1401 4727 1533 4783 Hermon.
1553 4745 1575 4784 c.
1587 4735 1628 4792 51,
1643 4744 1670 4797 p.
1681 4733 1744 4782 345:
1761 4727 1881 4779 ,Iudices
1899 4727 1929 4779 in
1942 4727 2050 4795 politia
2061 4728 2198 4783 Mosaios
2210 4732 2243 4786 in

539 4814 692 4887 perfectam
709 4812 779 4885 lagia
799 4813 987 4884 impletionem
1005 4814 1121 4883 requiri,
1147 4820 1179 4868 ut
1205 4815 1267 4884 quis
1292 4815 1376 4871 intret
1401 4823 1456 4868 tres
1475 4816 1590 4868 ordines
1607 4815 1700 4879 fuisse
1720 4812 1901 4865 aisnntnros:
1929 4816 1953 4865 1.
1972 4812 2009 4865 In
2023 4814 2141 4882 judicio
2160 4819 2242 4871 sede·

540 4917 657 4972 reguum
677 4899 823 4967 coelorum,
843 4900 969 4955 nectale
989 4899 1144 4954 divinorum
1165 4906 1375 4970 praeceptorum
1401 4902 1466 4953 bant
1485 4899 1638 4965 triumviri,
1652 4899 1872 4967 pronuntiantes
1891 4900 1926 4950 de
1944 4898 2046 4968 ιαιιιι,
2068 4915 2142 4967 qrses
2159 4911 2243 4956 erunt

541 4985 689 5042 discrimen
708 4986 899 5054 statuendum,
928 4984 1008 5055 quasi
1035 4984 1172 5054 quaedam
1197 4985 1253 5039 sint
1270 4986 1375 5041 minuta
1401 4986 1547 5047 manifesti
1559 4986 1652 5053 juris,
1670 4992 1701 5037 ut
1718 4986 1754 5038 de
1767 5001 1864 5052 poena
1880 4984 2035 5041 homicidii.
2069 4989 2095 5038 2.
2116 4985 2156 5039 In
2171 5005 2243 5057 qua·

540 5079 569 5129 et
590 5072 676 5142 levis,
699 5089 817 5144 quorum
843 5070 1063 5127 observationem
1087 5087 1143 5124 non
1166 5072 1236 5127 adeo
1260 5061 1374 5143 scrupu·
1401 5072 1590 5125 libescivitate
1608 5071 1702 5125 Ιιταέι
1715 5080 1777 5124 eret
1791 5089 1914 5141 parsum
1928 5070 2089 5139 synedrion,
2105 5081 2244 5128 scrutans

537 5158 597 5213 lose
616 5165 645 5214 st
662 5159 754 5230 rigide
771 5157 895 5230 requirat
911 5151 1068 5224 legislator,
1095 5157 1176 5212 modo
1200 5157 1230 5211 ιιι
1248 5158 1374 5212 maximis
1400 5175 1434 5210 en
1460 5159 1506 5210 23.
1521 5157 1686 5228 judicibus,
1713 5157 1760 5211 iili
1777 5158 1950 5226 judicabant
1973 5159 2009 5211 de
2028 5159 2140 5228 nauem,
2167 5178 2245 5229 queas

538 5246 696 5316 praeceptis
726 5245 783 5316 legi
811 5240 971 5297 obedientia
1000 5247 1170 5311 praestetur,
1202 5244 1251 5298 sed
1281 5243 1374 5298 omnia
1400 5245 1515 5314 aliquid
1540 5245 1678 5298 habehant
1709 5245 1998 5301 controversistae.
2028 5246 2244 5316 Hierosolymis

538 5347 627 5402 usque
656 5332 692 5386 ad
720 5331 831 5384 unicum
855 5330 918 5398 jota
943 5332 971 5381 st
999 5326 1213 5382 minutissimum
1239 5334 1388 5420 punctum
1400 5339 1481 5385 erant
1511 5333 1552 5385 72
1577 5332 1706 5401 judices,
1737 5331 1787 5400 qui
1814 5332 1850 5383 de
1880 5330 1994 5384 mmmis
2018 5332 2114 5386 causis
2140 5352 2244 5404 cogno·

527 5417 737 5489 .periectissime
754 5413 897 5484 implenda
916 5428 984 5481 esse,
1003 5412 1075 5467 banc
1093 5415 1254 5485 generalem
1274 5416 1374 5470 daetri·
1385 5389 1525 5485 isaiam,
1552 5418 1628 5486 quod
1653 5434 1789 5470 summum
1808 5417 1951 5486 judicium
1976 5418 2133 5473 emebatur
2162 5437 2244 5490 syne-

538 5521 603 5558 nam
622 5518 697 5556 more
715 5498 855 5555 Hebraico
874 5500 1006 5570 exemplis
1024 5502 1196 5571 quorundam
1215 5510 1374 5575 praecepto·
1400 5504 1492 5572 cirion,
1512 5521 1531 5557 a
1551 5504 1675 5558 Judneis
1697 5505 1866 5558 Santedrin.
1904 5504 1984 5557 Haeo
2004 5520 2071 5574 erpo
2091 5510 2245 5577 normula,

537 5608 596 5643 rum
624 5587 750 5642 declarat
776 5593 803 5640 et
824 5585 1000 5641 Pharisaioss
1021 5604 1115 5642 eorum
1138 5588 1310 5659 corruptelas
1333 5606 1374 5645 re·
1400 5590 1527 5660 concilii,
1554 5590 1665 5659 judicii
1691 5598 1717 5643 et
1742 5590 2071 5658 pcieunoesipnificont
2096 5593 2153 5647 hoe
2179 5595 2245 5649 loeo

539 5673 619 5730 fallit
640 5691 665 5728 v.
692 5677 733 5729 2¹.
761 5672 860 5728 recitat
882 5670 969 5726 suba
996 5672 1094 5727 veteris
1120 5674 1293 5746 traditionis,
1323 5676 1374 5732 hoc
1396 5693 1508 5745 poenas
1531 5695 1588 5730 non
1612 5676 1725 5743 ciuiles,
1746 5676 1799 5728 sed
1817 5675 1961 5745 supplicio
1983 5678 2142 5748 capitalia,
2171 5698 2246 5752 qaas
