5017 6675
835 560 840 570 ·
914 556 967 612 nu
985 548 1169 611 succuum
1185 521 1438 612 idumeus.
1743 530 1746 540 ⁴
1968 561 2031 622 ms

332 712 365 766 in
383 727 408 767 c.
428 718 454 783 b.
471 709 585 765 Maeui:
606 708 783 785 uponituar
802 711 860 764 sius
873 710 985 781 primos
1005 719 1095 765 motus
1113 709 1173 763 cul·
1198 710 1240 764 lia
1265 711 1386 764 dicem
1405 718 1469 767 sunt
1492 710 1549 779 eis,
1574 710 1625 779 qui
1640 725 1697 780 per
1720 710 1885 780 baptismum
1906 712 2031 780 randifi-

328 817 405 869 pam
423 799 526 851 labere
542 799 620 867 dicit,
638 799 701 852 licet
718 799 831 852 erimine
849 816 905 851 non
924 806 1078 853 teneantur.
1098 796 1172 861 ‹1301-
1199 805 1291 850 catam
1323 805 1349 851 et
1373 797 1486 861 tidelm
1515 788 1625 862 factam
1654 799 1750 851 carnis
1779 799 2032 868 concupiscentiam

333 883 471 938 lsrmiuus
489 884 605 955 excipit,
628 885 829 953 Hieronymum
847 886 928 954 loqui
945 904 1001 938 non
1019 887 1054 940 de
1074 901 1172 938 coneu-
1199 886 1356 953 atfirmant,
1374 885 1403 937 in
1416 886 1464 949 eis,
1482 885 1513 937 in
1525 885 1623 953 quibus
1634 885 1815 953 reponeretis,
1832 893 1925 937 manet
1940 893 2032 938 tamen

329 973 475 1040 piscantia
507 972 689 1024 habimaliter
721 972 894 1039 inhaerente,
926 975 979 1025 sed
1007 974 1043 1026 de
1071 970 1173 1041 primis
1199 976 1250 1023 etc.
1290 970 1420 1033 Quamuis
1440 978 1534 1023 reatus
1553 971 1629 1039 ejus,
1656 988 1711 1024 nan
1736 986 1790 1039 pua
1815 971 1879 1040 ipsa
1901 988 1952 1025 rea
1970 980 2031 1025 erat

334 1059 456 1110 motibus
473 1058 729 1127 conanpiscentiae,
753 1059 802 1127 qui
818 1076 868 1111 nec
887 1060 999 1112 omnino
1017 1042 1174 1113 uoluntarii
1200 1057 1305 1126 (neqrte
1333 1057 1402 1109 enim
1432 1057 1530 1126 aliana
1553 1074 1677 1125 persana
1700 1057 1773 1124 est),
1800 1058 1854 1111 sed
1877 1075 1931 1125 quo
1953 1072 2032 1109 reum

333 1161 387 1196 nec
406 1145 518 1198 omnino
537 1145 738 1211 involuntarii,·
765 1162 837 1216 quse
856 1144 997 1200 concessio
1018 1144 1097 1201 uobis
1116 1142 1173 1197 sul·
1199 1143 1337 1196 bominem
1355 1143 1534 1210 oripineliter
1544 1144 1683 1211 faciebat,
1694 1143 1789 1208 fuerit
1803 1145 1936 1197 remissus
1949 1151 2033 1212 utque
2044 1153 2071 1196 v.
2084 1151 2119 1198 tl.

334 1229 410 1298 ficit,
435 1247 497 1284 cum
516 1229 700 1284 Bellsrminus
721 1229 788 1283 alibi
806 1230 909 1285 diserte
925 1231 1042 1300 scribat,
1065 1231 1171 1291 nullum
1199 1238 1342 1294 remeatus,
1360 1230 1434 1282 absit
1454 1237 1554 1298 mmsn,
1572 1237 1601 1281 ut
1619 1229 1746 1282 dicamus
1765 1231 1951 1299 sanctificari,
1971 1245 2032 1282 eum

335 1333 399 1371 esse
414 1323 569 1387 peccatum.
588 1317 662 1387 quod
682 1334 737 1373 uon
755 1317 791 1371 sit
809 1317 1008 1386 voluntarium,
1025 1325 1052 1372 et
1069 1318 1173 1388 primos
1200 1334 1256 1384 qua
1279 1330 1389 1369 riecesss
1414 1316 1513 1371 babent
1539 1316 1713 1384 repenarari,
1737 1316 1764 1368 si
1786 1334 1842 1370 non
1865 1317 1896 1369 in
1916 1333 2033 1369 uacuum

335 1402 400 1457 illos
423 1403 665 1472 concupiscentiae
689 1411 779 1459 motus
805 1404 1003 1459 involuntarios
1030 1423 1086 1459 uon
1112 1421 1173 1460 esse
1199 1404 1323 1471 qratiam
1350 1403 1410 1455 Dei
1433 1409 1626 1472 acceperunt,
1656 1401 1783 1455 intestino
1813 1404 1936 1471 modam
1961 1401 2035 1456 bello

335 1490 472 1560 peccatu).
507 1488 542 1543 Iu
563 1489 645 1560 epist.
670 1489 707 1543 ud
733 1490 858 1560 Ctesiph.
885 1507 910 1544 e.
938 1497 960 1547 l.
984 1491 1040 1545 late
1064 1490 1174 1562 probat,
1199 1497 1334 1559 tanquam
1351 1506 1413 1542 cum
1431 1489 1508 1543 boste
1525 1489 1689 1557 constipers,
1713 1495 1738 1541 et
1760 1490 1795 1541 ab
1814 1506 1847 1542 ea
1862 1491 1942 1559 peste
1962 1489 2034 1542 desi·

335 1577 447 1629 nudum
467 1578 497 1629 in
522 1577 575 1629 bae
598 1578 657 1630 cita
678 1579 739 1631 sine
757 1587 875 1647 peccato
896 1595 953 1632 esse
967 1596 1062 1647 posse.
1081 1577 1130 1632 lib.
1149 1584 1172 1633 l.
1200 1578 1302 1629 derare
1324 1583 1406 1644 atque
1430 1582 1529 1644 optare
1553 1577 1661 1628 sanari.
1690 1591 1714 1632 c.
1734 1580 1764 1629 8:
1793 1572 1858 1628 Non
1886 1584 1926 1629 est
1950 1576 2033 1630 nulla

336 1661 366 1715 in
394 1662 495 1716 Amos:
529 1663 657 1716 Primum
681 1672 828 1733 peccatum
856 1673 910 1729 est,
940 1666 1076 1734 copitasss
1102 1682 1179 1734 quas,
1200 1662 1350 1731 iniquitas,
1382 1663 1497 1730 quando
1527 1662 1678 1732 superiora
1705 1659 1890 1725 inferioribus
1915 1661 2036 1730 turpiter

336 1749 417 1801 malo
450 1758 529 1818 mnu
549 1753 718 1811 ,secundum
752 1751 970 1819 capitationibus
1003 1752 1174 1821 acquievisse
1199 1749 1331 1812 seruiunt,
1349 1749 1392 1802 uel
1409 1749 1551 1810 inferiora
1568 1749 1762 1818 superioribus
1778 1748 1975 1802 contumaciter
1991 1763 2035 1801 re·

334 1837 486 1905 peruersis.
807 1841 811 1851 “
1201 1834 1355 1901 luctantur,
1379 1835 1491 1887 etiamsi
1512 1835 1622 1887 uincere
1646 1851 1702 1887 non
1726 1835 1862 1889 sinantur.
1884 1833 1933 1889 lib.
1953 1837 1976 1888 2.
2000 1832 2035 1888 de

374 1928 415 1976 61.
451 1921 574 1977 Prodest
590 1923 703 1978 tandem
721 1922 904 1994 Augustinus.
931 1923 960 1977 Is
976 1924 1025 1979 lib.
1039 1931 1063 1979 5.
1077 1930 1173 1979 contue
1200 1937 1277 1992 pecc.
1294 1919 1382 1974 merit.
1402 1927 1430 1974 et
1446 1920 1550 1974 remiss.
1569 1936 1593 1974 c.
1614 1926 1643 1975 7:
1663 1921 1728 1974 Non
1747 1921 1941 1989 sequutura
1962 1919 2036 1990 qnis-
2101 1935 2104 1941 ’

337 2008 441 2063 Julian
468 2025 491 2064 c.
512 2014 536 2064 ³.
562 2009 663 2065 diserte
685 2026 763 2064 sunm
783 2012 896 2080 exponit
914 2011 1087 2068 sententiam.
1122 2011 1172 2066 Ju·
1201 2024 1252 2075 que
1271 2008 1442 2077 baptisatur,
1466 2008 1555 2062 onmis
1572 2013 1650 2059 uetus
1667 2006 1818 2073 infirmitas
1838 2007 1899 2076 rjus
1917 2006 2036 2060 absumi·

337 2096 414 2150 liano
434 2094 516 2150 'euim
541 2095 709 2166 disputanti,
736 2097 810 2167 quod
836 2098 1061 2168 concupiscentia
1086 2114 1173 2168 preve
1200 2102 1254 2160 tur,
1273 2095 1325 2148 ssd
1340 2095 1482 2148 renouatio
1501 2094 1601 2162 incipit
1619 2111 1637 2146 a
1655 2093 1818 2147 renir'ssione
1834 2093 1956 2146 omnium
1970 2109 2036 2163 pec·

293 2200 295 2202 ·
337 2180 501 2235 discordis
513 2180 700 2240 inobedientia
713 2182 862 2237 laudabilis
874 2183 917 2249 sit,
932 2183 1069 2255 siquidem
1083 2201 1173 2255 poena
1200 2189 1326 2235 catorum
1350 2190 1376 2235 et
1400 2188 1531 2251 qnantum
1556 2181 1671 2250 quisque
1694 2179 1862 2251 spiritualia
1890 2180 1981 2249 sapit,
2005 2179 2036 2232 in

337 2267 447 2337 peccati
464 2268 515 2331 sit,
539 2284 572 2322 eo
589 2267 617 2321 iu
634 2267 696 2323 loco
714 2268 754 2322 sic
772 2269 929 2338 respondet
966 2271 1069 2323 Lauda
1089 2273 1173 2324 etiam
1200 2275 1307 2321 tantum
1325 2276 1484 2336 renouatur,
1503 2274 1572 2336 etc.;
1588 2269 1721 2337 profecto
1734 2268 1783 2336 aui
1801 2268 1836 2320 de
1854 2266 1901 2319 die
1920 2268 1950 2318 in
1962 2267 2036 2320 diem

337 2355 451 2422 ampelos
469 2354 575 2417 malos,
589 2371 644 2423 per
662 2372 731 2424 quos
750 2358 829 2409 Deus
847 2357 960 2410 meritas
973 2373 1085 2426 poenas
1100 2358 1173 2411 irro-
1200 2363 1366 2422 renouatur,
1394 2357 1518 2407 nondum
1535 2361 1609 2407 totus
1627 2361 1667 2406 est
1685 2361 1833 2407 renouatus
1853 2360 1879 2406 et
1896 2353 1926 2406 in
1945 2370 2033 2422 quan·

337 2449 384 2508 pat
397 2441 595 2509 peccantibus,
618 2441 668 2509 qui
689 2450 781 2495 tamen
799 2459 855 2494 non
872 2451 936 2494 sunt
953 2444 1011 2496 nisi
1023 2446 1172 2512 praeuari-
1200 2449 1258 2494 tum
1283 2443 1405 2494 nondum
1429 2448 1469 2494 est
1492 2449 1652 2510 renouatus,
1679 2441 1709 2493 in
1733 2448 1840 2494 tantum
1865 2439 1957 2493 adbuc
1984 2440 2035 2493 sub

337 2534 446 2580 catores
464 2536 548 2596 atque
566 2528 655 2595 impii.
679 2529 785 2582 Lauda
804 2529 964 2582 caecitatem
978 2532 1083 2595 cordis,
1101 2548 1175 2601 pisas
1200 2535 1335 2581 uetustate
1364 2535 1412 2582 est.
1435 2533 1517 2582 tract.
1543 2526 1585 2582 sl.
1610 2527 1639 2580 in
1662 2526 1744 2583 loha
1778 2526 1929 2589 Quamlibet
1952 2525 2035 2579 ualde

337 2614 394 2676 suit
405 2615 492 2682 justa
503 2631 598 2681 poena
616 2623 641 2667 et
660 2614 745 2667 simul
761 2617 871 2683 prande
889 2616 1097 2671 incredulitatis
1115 2636 1174 2671 ma·
1196 2616 1307 2684 justum
1325 2614 1461 2668 discutias
1486 2615 1515 2667 in
1534 2614 1588 2668 buc
1604 2615 1676 2683 uita,
1701 2615 1828 2683 quamuis
1845 2615 1911 2684 jam
1934 2614 1972 2667 sit
1995 2611 2037 2665 di·

339 2700 395 2753 bem
414 2709 442 2753 et
465 2701 584 2768 prandis
609 2718 696 2754 causa
712 2702 837 2771 peccati,
861 2708 912 2759 etc.
950 2704 1029 2758 Sicutt
1052 2706 1174 2758 caecitas
1201 2703 1358 2772 p'nusjusti
1375 2702 1516 2770 uocabula,
1533 2720 1589 2756 nan
1606 2710 1750 2755 esttamen
1768 2701 1828 2754 sine
1843 2707 1969 2771 peccato,
1985 2703 2037 2755 etc.

338 2789 446 2855 cordis,
473 2805 557 2856 amm
583 2788 660 2840 solus
681 2798 800 2843 removet
827 2790 1005 2845 illuminator
1027 2794 1119 2859 Deus,
1149 2800 1174 2846 et
1204 2787 1314 2854 Quare,
1344 2789 1435 2858 inquit
1456 2788 1574 2856 aliquis,
1603 2806 1659 2840 non
1683 2795 1723 2841 est
1740 2788 1873 2856 perfecta
1900 2787 2037 2839 libertas!

335 2882 480 2942 peccatum
498 2881 551 2938 est,
569 2892 624 2942 quc
644 2875 672 2928 in
692 2877 785 2928 Deum
802 2893 858 2928 non
877 2877 1016 2946 medune,
1035 2887 1063 2931 et
1077 2895 1173 2947 poena
1200 2878 1268 2945 auia
1286 2877 1368 2929 uideo
1388 2877 1472 2930 etiam
1490 2875 1577 2943 lepem
1595 2874 1626 2927 in
1644 2875 1774 2927 membris
1790 2875 1860 2928 meis
1878 2890 2036 2943 repupnan·

334 2961 469 3029 peccati„
490 2978 546 3029 psa
572 2978 621 3015 cor
645 2962 791 3029 mperbum
814 2962 902 3030 dipna
929 2964 1174 3019 animaduersione
1199 2972 1251 3017 tem
1271 2962 1329 3030 ispi
1345 2963 1445 3015 mentis
1464 2977 1559 3029 meae,·
1585 2979 1642 3015 non
1660 2961 1731 3015 enim
1749 2962 1826 3030 quod
1843 2962 1907 3014 uolo
1928 2962 2035 3028 bonum,

334 3049 463 3117 punitur,
482 3055 508 3100 et
526 3065 612 3100 eausa
623 3049 750 3116 peccati,
774 3066 836 3101 cum
854 3049 969 3118 aliquid
986 3050 1064 3103 caeci
1080 3054 1175 3105 cardis
1199 3051 1250 3103 boo
1268 3066 1336 3119 apo,
1361 3050 1414 3102 sed
1438 3050 1515 3118 quod
1531 3048 1596 3113 odi,
1622 3048 1698 3102 illud
1713 3049 1812 3114 facio:
1841 3047 1917 3102 Caro
1938 3065 2035 3102 concu·

339 3151 434 3187 errore
456 3135 651 3199 committitur,-
682 3136 723 3187 ita
746 3137 970 3205 concupiscentia
992 3138 1100 3199 camis,
1123 3141 1174 3192 ad-
1197 3136 1282 3206 piscit
1307 3137 1442 3188 aduersus
1467 3134 1619 3204 Spiritum,
1642 3140 1695 3190 etc.
1736 3135 1784 3189 Es
1804 3143 1886 3205 parte
1910 3134 2037 3202 libertas,

338 3240 435 3275 uersus
460 3239 545 3291 quam
567 3223 653 3275 bonus
677 3224 847 3297 concupiscit
865 3224 1002 3293 Spiritus,
1027 3234 1053 3278 et
1072 3243 1173 3295 pecca·
1201 3240 1233 3277 ea
1248 3230 1331 3292 parte
1348 3221 1475 3275 seruitus.
1504 3219 1576 3276 Ibid.
1609 3222 1748 3292 Numquid
1765 3222 1833 3292 quia
1850 3222 1880 3276 in
1898 3221 2036 3291 baptismo

339 3316 394 3362 mm
413 3317 469 3377 est,
493 3308 561 3378 quia
585 3310 656 3362 inest
678 3309 726 3363 illi
749 3308 938 3365 inobedientia
959 3319 1057 3365 contra
1084 3314 1173 3368 domi·
1201 3311 1293 3365 deleta
1312 3315 1351 3363 est
1372 3316 1433 3363 tota
1450 3309 1596 3379 iniquitas,
1614 3309 1695 3363 nulla
1714 3309 1848 3363 remansit
1866 3308 2038 3378 infirmitas!

339 3399 434 3449 natum
453 3396 559 3463 mentis,
577 3404 603 3448 et
618 3413 712 3465 poena
726 3397 840 3465 peccati
851 3406 898 3461 est,
915 3401 983 3467 quia
1000 3400 1116 3454 reddita
1134 3409 1175 3454 est
1199 3398 1227 3450 ei
1237 3416 1293 3452 non
1312 3397 1499 3460 remansisset,
1518 3398 1579 3450 sine
1593 3406 1712 3466 peccato
1724 3397 1769 3451 nie
1781 3397 1940 3451 cinnomus.
1971 3395 2038 3460 Quis

339 3484 447 3535 meritis
467 3482 666 3550 inobedientis,
686 3491 712 3536 et
730 3500 816 3536 causa
830 3485 943 3552 peccati
959 3493 999 3538 est
1016 3487 1174 3546 defectione
1201 3494 1294 3538 autem
1313 3485 1417 3537 audeat
1436 3484 1488 3537 boc
1507 3483 1615 3551 dicere,
1634 3484 1694 3538 nisi
1709 3485 1860 3555 superbus,
1884 3484 1942 3537 nisi
1958 3484 2037 3537 mise·

339 3568 535 3621 consentientis
551 3569 929 3637 velcontapionenascentis.
948 3588 972 3627 c.
986 3578 1016 3626 t:
1036 3573 1175 3628 Discerne
1201 3571 1331 3625 ricordia
1349 3571 1512 3624 liberatoris
1529 3570 1685 3638 indipnust
1711 3578 1762 3625 cte.
1799 3572 1865 3625 Non
1884 3571 1953 3625 dicit
1971 3588 2037 3640 apo·

339 3656 424 3723 mala,
444 3671 518 3724 qnae
527 3671 582 3722 per
590 3656 757 3723 patientiam
771 3656 945 3718 sustinemus,
960 3658 1068 3711 abillis
1082 3660 1175 3724 malis,
1202 3659 1299 3727 stolus,
1315 3677 1371 3712 nan
1389 3658 1439 3726 sit,
1457 3659 1581 3712 sednon
1598 3666 1855 3728 repnetpeecatum
1873 3660 1902 3712 in
1920 3676 2038 3729 corpore

339 3759 411 3812 auae
431 3758 487 3810 per
510 3742 706 3795 continentiam
730 3742 916 3807 refrenamus,
945 3760 969 3800 c.
989 3750 1020 3798 5:
1046 3748 1176 3815 concupi·
1201 3752 1299 3799 uestra.
1339 3744 1479 3806 Quamdiu
1502 3744 1587 3812 viru,
1607 3754 1755 3814 peccatum
1780 3762 1887 3799 necesse
1913 3753 1953 3798 est
1979 3763 2037 3800 esse

337 3828 473 3882 scentiam
488 3836 570 3881 uocat
587 3828 696 3891 vitium,
715 3837 818 3882 motum
838 3828 1053 3892 inobedientem,
1071 3833 1106 3884 de
1122 3850 1176 3901 quo
1201 3833 1232 3885 in
1250 3832 1379 3884 membris
1398 3831 1467 3900 tuis,
1491 3831 1589 3885 saltem
1609 3831 1657 3884 illi
1672 3849 1787 3901 repnum
1806 3834 1965 3900 auferatur,
1984 3837 2037 3887 etc.

338 3915 487 3985 apostolus
498 3916 589 3967 dicat:
608 3915 696 3968 Video
708 3915 797 3968 alium
816 3915 903 3983 lepcm
916 3916 944 3969 in
956 3918 1085 3971 membris
1096 3920 1174 3975 meis.
1202 3927 1284 3988 atqua
1302 3918 1354 3971 boc
1377 3917 1468 3988 ipsum
1487 3924 1634 3987 peccatum
1653 3919 1735 3971 Deus
1762 3918 1791 3972 in
1815 3920 1921 3973 soumis
1944 3919 2038 3973 adisse

338 3999 457 4056 Ibidem.
506 4003 583 4055 Dum
609 4001 655 4054 bic
677 4001 808 4069 uicimus,
836 4003 885 4055 ubi
909 4019 976 4057 coro
1004 4006 1175 4074 concupiscit
1201 4007 1241 4059 ibi
1270 4005 1384 4061 dieitur.
1430 4002 1519 4074 Epist.
1549 4009 1596 4061 29:
1632 4003 1773 4067 Quamdiu
1803 4007 1910 4061 caritas
1939 4006 2041 4075 nuperi

337 4091 476 4142 aduersus
503 4088 655 4158 Spiritum,
684 4096 711 4141 et
739 4088 865 4157 Spiritus
891 4091 1028 4143 adrasus
1053 4101 1306 4163 carnem,.potest,
1325 4092 1457 4161 prosecta
1476 4091 1566 4156 illud,
1592 4092 1777 4161 quodminus
1795 4101 1847 4158 est,
1871 4112 1957 4163 quam
1981 4108 2038 4147 esse

337 4174 540 4245 quantumlibet
559 4177 589 4228 in
606 4176 661 4229 ista
680 4175 811 4244 conflictu
830 4176 988 4245 superiores
1007 4178 1107 4248 simus,
1133 4188 1174 4234 ta·
1202 4180 1293 4247 debet,
1323 4196 1355 4231 ee
1372 4178 1438 4231 uitio
1458 4186 1514 4247 est,
1537 4194 1570 4230 ca
1593 4194 1648 4247 quo
1673 4179 1740 4231 uitio
1765 4197 1821 4233 non
1839 4187 1878 4232 cst
1895 4180 1989 4249 justus
2008 4180 2038 4233 in

337 4279 401 4317 aisn
418 4263 593 4330 surrepentis
610 4261 763 4331 uoluptatis
782 4263 936 4316 mendum
961 4264 989 4316 in
1011 4265 1083 4334 ipsis
1102 4274 1175 4319 certe
1201 4276 1287 4334 terra,
1306 4266 1356 4335 qui
1370 4265 1463 4329 saciat
1483 4265 1582 4317 bonum
1601 4274 1625 4317 et
1637 4282 1692 4317 non
1705 4274 1810 4334 peccet,
1822 4274 1943 4335 propter
1961 4267 2038 4335 quod

336 4359 454 4403 nostras
471 4348 649 4416 capitationis
673 4350 790 4402 motibus
813 4358 840 4402 et
863 4352 1007 4419 affectibus
1027 4353 1054 4405 si
1072 4354 1175 4406 discri-
1200 4353 1297 4406 uitium
1314 4352 1342 4405 si
1358 4352 1519 4419 dixerimus,
1533 4360 1680 4420 peccatum
1699 4369 1750 4405 nos
1765 4368 1822 4404 non
1834 4351 1944 4421 labere,
1965 4370 2038 4407 men-

335 4455 416 4506 mus,
438 4437 509 4505 quia
521 4443 668 4504 peccatum
686 4453 742 4488 non
757 4436 904 4499 babemus,
929 4455 980 4491 aas
998 4438 1076 4506 ipsos
1093 4442 1174 4493 sedu-
1202 4441 1288 4492 daces
1319 4455 1430 4503 winus,
1463 4446 1582 4508 propter
1622 4440 1700 4507 quod
1727 4437 1810 4492 etium
1837 4440 2038 4508 quantumlibet

336 4526 434 4580 cimus.
460 4523 508 4578 lib.
529 4528 552 4578 6.
570 4528 668 4577 contra
684 4522 742 4578 lul
760 4540 783 4577 a
804 4532 837 4579 t:
870 4524 939 4585 Quis
957 4526 997 4578 ita
1017 4526 1055 4579 sit
1070 4527 1175 4596 impru-
1198 4526 1419 4595 profecerimus,
1446 4526 1596 4578 dicendum
1621 4533 1676 4578 est:
1705 4524 1813 4578 dimitte
1840 4526 1920 4580 nobe's
1943 4527 2038 4582 debita

336 4611 673 4680 densatqusimpudens,
692 4610 733 4663 ita
746 4625 864 4679 procas,
873 4611 1016 4680 pertinen,
1029 4614 1173 4682 persicas,
1201 4620 1308 4666 nostra.
1336 4619 1357 4665 1.
1376 4610 1411 4666 de
1429 4617 1506 4681 nupt
1526 4616 1554 4665 et
1571 4627 1687 4682 concup.
1714 4628 1737 4666 c.
1759 4618 1802 4667 25:
1831 4613 1866 4668 Si
1883 4614 2038 4684 quaeritur,

337 4700 383 4752 ita
397 4707 540 4767 postremo
558 4699 675 4751 insanus
698 4704 724 4750 et
747 4698 871 4766 demens,
897 4699 946 4767 qui
970 4715 1031 4752 cum
1052 4710 1172 4769 peccata
1202 4699 1341 4768 monendo
1360 4698 1416 4750 ista
1433 4698 1527 4750 carnis
1547 4699 1770 4768 concupiscentia
1787 4708 1899 4755 maneat
1916 4701 1945 4754 in
1962 4717 2038 4771 repe·

334 4786 420 4840 mala
437 4802 497 4839 esse
512 4785 651 4852 fateatur,
675 4791 754 4850 nepet
776 4800 835 4837 sese
852 4785 959 4838 malam
979 4788 1172 4856 concupiscen-
1201 4792 1314 4853 nereio,
1338 4785 1368 4837 in
1385 4802 1439 4854 quo
1458 4784 1651 4838 uniuersorum
1667 4788 1751 4851 sacta
1766 4794 1805 4839 est
1824 4788 1951 4841 remissio
1971 4805 2038 4858 pec-

335 4873 411 4928 dan
432 4880 628 4941 peccatorum,
660 4871 770 4924 etiamsi
796 4873 931 4924 aduncus
957 4889 1017 4925 eam
1043 4873 1172 4946 concipi·
1201 4880 1337 4939 catorum,
1353 4872 1582 4941 quandoquidem
1594 4888 1651 4941 per
1668 4873 1760 4942 ipsam
1773 4874 1926 4927 seminatur
1938 4881 1964 4927 et
1976 4893 2037 4929 cum

335 4968 431 5015 mense
449 4958 559 5028 Spiritu
573 4966 692 5027 peccata
717 4958 862 5026 concutere
888 4975 922 5011 ac
942 4975 1046 5027 parere
1063 4977 1118 5013 nan
1136 4962 1173 5013 si-
1188 4947 1267 5027 {ipsa
1286 4955 1414 5010 cursualis
1432 4958 1558 5026 pipnitur
1572 4958 1672 5028 proles
1690 4961 1822 5029 parentis
1841 4960 1925 5013 etiam
1947 4960 2037 5030 bapti-

335 5056 434 5103 matur.
471 5046 540 5098 Tale
554 5062 644 5114 porra
662 5062 696 5097 ac
723 5051 780 5097 tam
798 5059 928 5112 mapnum
945 5046 1049 5099 malum
1066 5055 1173 5099 tontum
1186 5042 1188 5058 ²
1201 5044 1271 5111 sati,
1299 5051 1348 5097 aut
1371 5052 1444 5097 certe
1467 5044 1494 5097 si
1520 5044 1550 5098 in
1571 5052 1692 5113 parente
1711 5046 1852 5116 baptisato
1864 5053 1958 5117 potest
1978 5065 2038 5103 esse

337 5136 409 5205 qnia
431 5133 514 5200 inest,
540 5131 678 5199 quamodo
700 5148 756 5184 non
781 5138 883 5184 tenerd
906 5132 936 5184 in
961 5139 1050 5185 morte
1067 5141 1093 5186 et
1107 5104 1228 5203 per-let
1241 5137 1389 5201 peccatum
1407 5148 1463 5184 non
1482 5147 1549 5197 esse,
1566 5148 1616 5183 cur
1633 5133 1730 5185 eadem
1748 5132 1813 5202 pisa
1831 5133 1861 5187 in
1872 5134 1958 5203 prole
1970 5152 2036 5205 pec·

336 5222 464 5276 uuiaet
481 5220 512 5271 in
527 5216 655 5271 ultimam
676 5225 807 5280 mortem,
827 5217 886 5271 nisi
907 5226 933 5271 et
955 5219 1016 5287 ejus
1032 5220 1174 5273 uinculum
1187 5192 1190 5311 ἱ
1201 5226 1295 5271 catum
1307 5218 1368 5271 sit?
1384 5218 1426 5269 ad
1438 5219 1507 5271 laec
1519 5219 1711 5288 respondetur,
1725 5219 1831 5273 dimitti
1841 5222 2037 5292 concupiscen-

335 5310 371 5362 s'n
388 5307 456 5375 ilia,
474 5321 546 5374 quae
563 5305 595 5368 fit
613 5302 642 5355 in
661 5303 805 5372 baptismo,
824 5304 1172 5375 remissionepeceatarum
1201 5306 1270 5359 tiam
1288 5305 1383 5357 curnis
1401 5304 1431 5357 in
1450 5305 1600 5374 baptismo,
1621 5322 1676 5358 non
1694 5314 1798 5359 utnon
1816 5309 1867 5378 sit,
1888 5311 1941 5362 sed
1959 5318 1988 5363 ut
2007 5310 2036 5363 in

327 5394 462 5450 omnium
479 5392 639 5445 solventur.
669 5406 692 5442 c.
713 5394 736 5443 6.
756 5390 862 5445 dixerat
882 5390 1017 5462 August,
1043 5394 1172 5463 concupi·
1197 5397 1344 5461 peccatum
1362 5407 1417 5443 non
1435 5392 1655 5460 imputetur,etc.
1671 5400 1711 5445 est
1722 5394 1832 5461 affectio
1845 5395 1938 5451 malae
1951 5415 2035 5466 quae-

337 5482 473 5537 scsntiam
501 5480 596 5531 carnis
621 5477 725 5530 dimitti
749 5476 779 5528 in
801 5477 952 5546 baptismo,
977 5496 1032 5532 non
1062 5488 1092 5532 ut
1118 5498 1174 5532 non
1202 5480 1269 5532 dnm
1288 5477 1434 5547 qualitatis
1451 5479 1523 5531 sicut
1543 5478 1677 5547 lanpuor,
1700 5483 1753 5533 etc.
1779 5482 1860 5552 cipite
1885 5484 2036 5539 desideriis

337 5569 391 5637 sit,
412 5567 464 5620 sed
486 5573 516 5619 ut
536 5565 567 5617 in
584 5571 732 5633 peccatum
748 5581 803 5615 non
822 5564 987 5633 imputetur,
1011 5582 1073 5617 cum
1093 5575 1174 5620 reatu
1200 5584 1257 5619 non
1285 5564 1399 5618 obedire
1426 5564 1635 5635 praecipimur,
1662 5583 1695 5619 ne
1718 5576 1813 5636 reynel
1835 5580 1982 5640 peccatum
2005 5572 2035 5625 in

337 5656 432 5711 soluta
465 5660 557 5705 tamen
584 5658 710 5719 maneat,
742 5667 775 5703 ex
802 5666 835 5704 eo
862 5650 1009 5722 colligebat
1033 5650 1170 5720 Julianus,
1200 5668 1319 5720 conpore
1340 5659 1443 5709 nostro.
1462 5668 1486 5705 c.
1505 5657 1550 5705 27:
1564 5654 1704 5720 praeterit
1722 5664 1812 5726 reatu,
1829 5666 1922 5714 manet
1940 5666 2012 5713 actu.

337 5737 591 5811 concupiscentiam
611 5737 639 5790 iu
654 5735 757 5791 renatis
775 5752 830 5789 nou
844 5737 962 5806 amplius
980 5754 1040 5793 csse
1055 5738 1173 5810 malnm3
1236 5744 1277 5795 68.
1312 5736 1355 5792 Ex
1378 5738 1421 5793 his
1443 5736 1588 5793 manifeste
1611 5742 1741 5811 apparet,
1768 5761 1822 5815 quo
1848 5742 1909 5799 loco
1933 5761 2035 5801 concu-

337 5827 406 5884 huic
429 5827 469 5880 itu
490 5825 638 5894 respondet
662 5823 849 5895 Augustinus:
880 5824 966 5879 Talia
991 5826 1078 5895 dicis,
1107 5843 1173 5897 qua·
1199 5826 1337 5900 piscentis
1361 5825 1452 5881 cunis
1471 5826 1500 5881 in
1525 5825 1628 5881 renatis
1656 5826 1693 5881 ab
1709 5828 1866 5901 Augustino
1891 5828 2037 5904 habeatur,

392 5920 495 5966 ΝΜ
508 5919 556 5962 luti.
582 5919 610 5961 ll.
1673 5936 1706 5987 ¹4
