5017 6675
463 533 514 590 tt<
1160 519 1213 589 ΒΕ
1229 516 1447 588 ΟΒΕΆἨΟΝΕ

464 682 486 732 l.
515 676 582 746 quia
606 675 700 747 angeli
724 681 790 737 suat
813 675 938 737 consoni
963 674 1064 744 umtri,
1102 681 1167 738 suut
1193 673 1290 734 itidem
1317 673 1409 742 inique
1432 674 1551 753 appetit,
1575 675 1657 733 Deua
1678 673 1747 744 fieri
1767 691 1823 726 non
1841 674 1898 741 nisi
1909 676 1987 753 jude
2002 676 2148 744 pensasttit.

459 767 617 831 meatuum
652 766 676 815 2.
695 759 761 832 quia
784 760 876 822 cultus
897 759 1065 820 adorationis
1089 759 1140 814 soli
1160 759 1221 822 Deo
1244 759 1290 814 de·
1315 759 1398 812 Facit
1424 761 1501 828 qnod
1520 767 1614 827 potest
1635 760 1811 829 permittento
1834 762 1913 827 Deo,·
1945 762 2023 842 qread
2046 770 2149 833 pateat,

459 845 548 906 betur.
591 846 788 917 Angeloletrae
810 846 840 900 in
861 845 1002 914 primitiva
1027 845 1143 901 ecclesia
1167 846 1289 902 damuati
1314 862 1369 896 nan
1391 846 1464 909 facit
1477 844 1641 914 prohibente
1658 847 1730 899 Dea.
1768 845 1851 899 Unde
1872 852 1946 901 recte
1965 847 2088 920 August.
2110 854 2150 904 11.

459 932 512 991 sub
548 932 658 993 nomine
689 930 902 1003 Angeliccrum,
935 932 999 995 vide
1034 931 1222 1002 Augustinum
1254 931 1290 986 de
1315 929 1350 983 de
1367 930 1418 986 civ.
1438 929 1491 985 Dei
1508 946 1530 985 c.
1553 936 1574 986 t.
1593 937 1675 984 vocat
1691 947 1805 998 caenam
1817 939 1993 999 potestatem.
2030 931 2145 988 Gerson

458 1015 564 1080 brerae.
582 1035 604 1073 o.
623 1024 670 1087 393
687 1018 736 1072 sed
754 1033 805 1071 nec
822 1015 1076 1084 mediamresqobis
1089 1017 1289 1072 constituamus
1313 1014 1360 1069 lib.
1387 1021 1410 1070 3.
1433 1031 1507 1070 cons.
1532 1016 1614 1071 theol.
1638 1032 1720 1086 prosa
1743 1023 1771 1070 4:
1813 1017 1898 1071 Tenet
1922 1019 2001 1072 Deua
2026 1019 2145 1088 lipatam

459 1103 582 1174 aageloe,
600 1103 635 1160 de
653 1120 708 1174 quo
727 1118 817 1157 errore
833 1101 897 1157 vide
915 1101 1141 1174 chrysostomum
1158 1102 1250 1158 homil.
1265 1110 1288 1160 t.
1301 1101 1420 1193 ,leonem
1438 1102 1620 1167 infernalem,
1642 1119 1677 1155 ne
1694 1103 1789 1166 furiat
1807 1105 2040 1172 quenadmodum
2057 1105 2147 1173 vellet,

458 1181 496 1247 tt'd
527 1187 679 1244 Colossens.
705 1186 820 1259 proinde
844 1187 951 1243 exsulet
977 1204 995 1242 a
1019 1188 1098 1243 nobis
1119 1189 1173 1244 ista
1194 1204 1288 1258 preca·
1315 1204 1370 1241 nan
1388 1188 1445 1256 ille,
1463 1190 1515 1241 sed
1531 1189 1656 1258 detinerer
1674 1205 1735 1241 eam
1752 1191 1896 1256 repandae
1916 1197 1962 1244 est.

458 1275 647 1427 fflfflff’
665 1360 714 1428 qai
731 1375 807 1412 meus
824 1376 852 1412 ee
871 1367 970 1426 mestoc,
985 1359 1092 1429 pietate
1104 1367 1228 1428 paterna

464 1441 468 1446 ’
528 1449 578 1500 Me
595 1445 646 1498 tibi
661 1446 836 1499 commi-soum
852 1461 945 1508 aerea,
965 1446 1100 1513 defende,
1117 1446 1249 1513 aalma.

769 1704 1016 1722 --,
1508 1662 1937 1781 ,sacu10xvm
2162 1671 2252 1775 ffl-

1389 1799 1454 1864 DE
1486 1799 1701 1868 NUMERO
1733 1801 2070 1869 ANGELORUM.

683 1920 747 1981 SE
766 1920 788 1980 0
805 1922 830 1980 Τ
846 1920 904 1981 1⁰
942 1918 1058 1979 ΠΗ
1351 1973 1392 2022 te.
1426 1967 1513 2024 Plura
1532 1970 1566 2025 de
1585 1970 1692 2042 angelis
1711 1977 1771 2026 tum
1790 1970 1870 2026 bonis
1888 1976 1946 2026 tum
1965 1970 2045 2025 malis
2064 1987 2146 2042 quaa
2160 1969 2252 2012 uam

608 2060 674 2125 DE
706 2059 937 2125 ANGELIS
969 2057 1140 2124 MALIS,
1315 2059 1380 2107 runt
1400 2053 1578 2123 scholastici,
1596 2057 1645 2112 sed
1668 2073 1761 2112 eorum
1779 2057 1911 2129 pleraque
1929 2057 1969 2111 ita
1987 2063 2149 2128 comparata
2161 2023 2252 2112 gigan·

1316 2146 1391 2207 sunt,
1418 2148 1450 2194 ut
1473 2142 1601 2196 subtilius
1626 2151 1795 2214 quaerantur
1816 2151 1846 2199 et
1866 2144 2000 2199 audacius
2019 2144 2147 2199 determi-

331 2245 366 2286 ta
379 2246 428 2286 ms·
494 2237 535 2286 75.
581 2228 611 2285 si
640 2233 802 2300 quaeratur,
840 2246 878 2280 an
914 2227 1025 2281 diaboli
1049 2228 1160 2294 possint
1188 2228 1289 2292 futura
1314 2233 1421 2292 nentur,
1439 2245 1522 2298 quam
1538 2227 1705 2284 fructuosius
1723 2231 1917 2287 discutiantur.
1952 2228 1996 2284 Sic
2015 2230 2050 2284 de
2063 2246 2148 2302 ange-

331 2298 601 2399 mmpraeaoire
624 2333 659 2368 aa
678 2315 871 2384 praedicere!
898 2314 1108 2386 respondemus:
1131 2330 1165 2368 ex
1183 2313 1289 2368 subtili·
1313 2311 1403 2366 lorum
1429 2329 1542 2369 numero
1561 2322 1711 2385 quaerunt,
1736 2316 1770 2371 de
1789 2334 1844 2387 quo
1863 2316 1904 2370 ita
1924 2315 2034 2371 disserit
2051 2316 2148 2370 Thone

332 2401 414 2440 Μ*
458 2409 517 2460 mm
544 2408 673 2465 naturae,
698 2408 852 2471 temporum
877 2399 1047 2471 experientia
1071 2405 1099 2455 et
1122 2400 1288 2456 revelatione
1313 2414 1341 2467 p.
1365 2403 1388 2455 Ι,
1413 2416 1439 2469 q.
1457 2406 1497 2456 50.
1519 2406 1569 2455 nrt.
1589 2406 1618 2456 3:
1643 2402 1749 2470 Anpeli
1764 2405 1916 2457 amandam
1932 2404 2009 2472 qaod
2024 2404 2148 2457 immate-

457 2488 631 2561 snperiorum
655 2493 821 2557 potestatum
844 2487 980 2557 quaedam
1002 2486 1140 2557 praescire
1158 2504 1191 2541 ac
1210 2503 1289 2558 prae-
1314 2485 1402 2538 rialee
1437 2487 1625 2554 mittendae,
1659 2496 1723 2541 rant
1752 2491 1782 2542 in
1815 2492 1940 2558 quadam
1971 2490 2150 2543 mrdtimdine

458 2575 551 2631 dicero
576 2578 701 2645 possum.
741 2571 797 2628 Sed
821 2589 884 2627 cum
909 2572 986 2628 Deus
1012 2577 1125 2628 evernis
1148 2573 1287 2628 naturales
1314 2571 1436 2624 maxima
1453 2589 1559 2626 omnem
1578 2575 1751 2631 materialem
1767 2574 1975 2627 multitudinem
1993 2577 2148 2644 secedente,

457 2677 542 2732 saepe
561 2659 709 2731 impediat,
735 2657 800 2713 hinc
817 2657 890 2712 fallit
907 2674 940 2713 ac
958 2657 1063 2716 fallitur
1081 2658 1208 2715 diabolus
1227 2677 1287 2713 eae-
1313 2664 1418 2724 meanto
1437 2658 1509 2710 enim
1527 2658 1626 2727 aliqua
1642 2659 1731 2726 mapsa
1745 2661 1885 2728 perfecta,
1905 2661 1935 2713 in
1951 2669 2029 2713 tanto
2043 2662 2150 2729 majori

453 2748 570 2818 pissime
594 2763 629 2799 ae
650 2738 985 2814 permnlta'mendaeiter
1012 2747 1053 2798 ad
1077 2746 1216 2799 lominum
1246 2763 1287 2799 aa·
1313 2751 1505 2796 numerarunt
1521 2760 1540 2794 a
1555 2746 1620 2797 Deo
1637 2752 1741 2800 creata.
1765 2745 1799 2798 Ut
1817 2746 1848 2797 is
1865 2747 2007 2814 corporeis
2027 2748 2146 2801 attendi-

456 2833 612 2887 daetionem
632 2830 785 2901 praedicit.
826 2829 1000 2900 Augustinus
1024 2837 1048 2886 9.
1071 2831 1107 2886 de
1131 2830 1204 2887 civit.
1231 2831 1287 2887 Dei
1311 2836 1358 2882 tear
1382 2845 1506 2899 eccm
1525 2831 1674 2883 eorumdum
1694 2832 1927 2899 mapnitadinem,
1946 2834 1988 2884 ita
2005 2834 2035 2884 in
2057 2833 2148 2886 incor-

456 2934 482 2977 c.
500 2924 542 2974 22.
577 2916 701 2973 curatus
721 2914 805 2986 jubet
826 2914 1015 2975 obmutescere
1033 2915 1158 2986 spiritum
1177 2917 1286 2974 daemo·
1309 2914 1406 2983 parere
1422 2917 1572 2969 secandam
1590 2917 1803 2985 maltimdinem,
1817 2919 1876 2984 jam
1897 2935 1962 2970 earo
1976 2919 2146 2986 incorrupti·

427 3053 430 3069 ,
455 3003 575 3073 nircum,
594 3003 678 3059 etium
696 3018 761 3056 vera
780 3001 927 3068 dicentem,
947 3018 1002 3071 quo
1016 3001 1154 3070 admonet,
1171 3005 1287 3059 neveri-
1313 3001 1384 3053 lilia
1411 3018 1532 3068 corpora
1558 3002 1817 3070 incomparabiliter
1842 3006 1975 3056 secedunt
1997 3007 2148 3058 secundm

456 3097 542 3146 tetam
566 3087 678 3160 quidem
704 3086 741 3144 ab
765 3103 799 3141 eo
818 3085 992 3151 audiendam.
1017 3085 1142 3159 Theoph.
1160 3106 1244 3159 supra
1265 3096 1285 3146 l.
1312 3087 1534 3154 mapnitndinem
1568 3106 1691 3157 conpara
1727 3090 1942 3158 corruptibilia5
1977 3091 2149 3146 rationabile
2244 3158 2249 3163 ‚

456 3175 551 3230 Marci.
589 3174 668 3240 Quae
696 3172 819 3242 pendent
845 3170 881 3225 ab
905 3170 1022 3225 hominis
1046 3172 1167 3241 arbitrio,
1194 3174 1286 3231 adhuc
1313 3190 1386 3240 erqo,
1405 3175 1482 3242 quod
1498 3174 1670 3227 ubstantiae
1688 3175 1888 3229 immanialee
1907 3179 2057 3231 nectendam
2075 3179 2147 3231 sual

456 3261 546 3326 minus
571 3265 646 3315 certo
676 3257 835 3329 praedicere
860 3263 959 3334 potest.
1011 3256 1187 3314 Solummodo
1214 3264 1286 3316 enim
1312 3260 1457 3313 titudinem
1474 3261 1607 3313 meedent
1623 3263 1794 3315 materialia.
1826 3262 1909 3317 Hanc
1922 3263 2046 3317 Thomna
2063 3262 2147 3318 rasio-

455 3366 489 3414 ea
506 3344 716 3419 temperamenti
733 3344 929 3400 constitutione
941 3344 1047 3416 aliquid
1059 3344 1172 3419 colligit
1207 3349 1286 3414 Quae
1312 3362 1375 3401 nem
1394 3345 1496 3416 repetit
1508 3344 1661 3417 Dionysius
1674 3347 1799 3403 Canthus
1817 3366 1901 3418 super
1912 3357 1937 3405 5.
1949 3350 2037 3420 Apoc,
2053 3350 2073 3404 f,
2088 3355 2146 3419 224,

455 3450 520 3496 nero
544 3430 645 3499 Deus
669 3429 763 3502 poenit
790 3430 820 3485 lv
850 3430 880 3504 τῇ
907 3431 964 3498 roto
992 3431 1116 3502 ἐξουσίᾳ,
1143 3449 1176 3487 ea
1203 3434 1287 3506 plane
1313 3431 1362 3485 sed
1382 3430 1529 3503 impugnat
1546 3448 1607 3486 eam
1625 3432 1687 3488 Biel
1706 3438 1730 3489 2.
1751 3440 1819 3489 sent
1839 3434 1903 3488 dist
1923 3442 1946 3490 t.
1966 3454 1992 3506 q.
2014 3443 2035 3491 1.
2056 3442 2108 3491 art
2123 3443 2146 3493 t.
2180 3433 2186 3443 '

455 3519 532 3576 nullo
549 3516 631 3574 modo
647 3516 787 3589 praescire
802 3522 851 3570 aut
870 3516 1029 3587 praedicere
1041 3524 1143 3589 potest,
1163 3519 1287 3577 deinter
1313 3517 1378 3572 dub.
1406 3523 1427 3573 l.
1452 3524 1480 3571 et
1505 3518 1657 3587 concludit,
1680 3521 1830 3573 marimum
1854 3522 1967 3590 quidem
1987 3539 2044 3574 esee
2063 3541 2146 3590 onae·

454 3622 505 3671 nos
525 3604 649 3667 cordium
672 3620 796 3662 recessus
813 3607 842 3656 et
859 3600 969 3657 abditas
987 3602 1086 3658 mentis
1104 3605 1286 3677 cogitationes
1313 3604 1404 3656 loram
1423 3620 1573 3673 numeram,
1593 3608 1645 3659 aed
1661 3606 1741 3658 aare
1758 3607 1901 3664 incertam.
1931 3605 2027 3678 cyrill.
2039 3607 2146 3664 Hieron

454 3708 620 3768 cognoscere
637 3690 750 3763 nequit3
770 3686 871 3745 DEUS
888 3688 965 3742 solra
976 3689 1286 3761 nwitcordafilioram
1313 3687 1425 3745 Catech.
1453 3695 1491 3745 15.
1516 3707 1544 3760 p.
1570 3695 1629 3755 244.
1653 3691 1758 3753 statuit,
1783 3690 1812 3745 in
1835 3702 1955 3749 extremo
1978 3693 2024 3750 dis
2051 3695 2146 3765 plures

455 3780 595 3843 bominum
613 3782 637 3836 2.
654 3777 718 3832 Par.
737 3782 761 3849 6,
778 3794 804 3832 v.
821 3781 862 3832 30.
1313 3773 1427 3846 angelos
1445 3791 1528 3845 quam
1541 3774 1666 3830 homines
1678 3776 1895 3847 conspiciendos.
1925 3778 1968 3833 De
1983 3778 2144 3852 angelorum
2209 3831 2212 3835 Α

329 3871 546 4017 aricii)
568 3863 1288 4019 casertanensem
1311 3863 2004 4021 tte?tttttlttlttltttl,
2018 3864 2144 4007 tel

328 4028 407 4120 affl*
457 4033 667 4110 exquisitissime
692 4039 866 4105 perspectae,
896 4034 961 4089 inde
988 4012 1076 4090 multa
1102 4035 1239 4093 mirabilia
1258 4045 1287 4094 et
1312 4040 1338 4086 et
1354 4034 1445 4087 decies
1461 4041 1576 4086 senuna
1591 4034 1672 4087 milia
1690 4036 1855 4090 aeeiatebant
1874 4039 1907 4090 ei.
1936 4036 2006 4092 Gen.
2022 4043 2064 4102 32,
2082 4056 2107 4092 v.
2129 3992 2144 4094 2

328 4130 411 4181 passu
455 4121 638 4200 praestigiosa
656 4118 765 4176 efficere
782 4126 886 4202 potest3
911 4119 1020 4175 interim
1038 4126 1130 4176 temen
1148 4122 1288 4179 diabolica
1311 4118 1419 4174 Jacobs
1432 4125 1567 4191 apparent
1578 4129 1674 4174 castra
1686 4123 1858 4190 enectorum.
1887 4122 1985 4178 Matth.
2000 4130 2040 4192 26,
2058 4142 2084 4179 r.
2097 4130 2144 4180 53:

384 4245 393 4263 .
455 4208 505 4264 illa
520 4206 658 4262 mirabilia
675 4223 730 4260 non
749 4211 814 4260 sunt
831 4205 965 4260 miracula
980 4208 1092 4282 proprie
1110 4207 1193 4264 dicta.
1222 4210 1286 4267 Non
1312 4208 1359 4258 An
1382 4214 1484 4274 patae,
1511 4206 1551 4259 ait
1578 4205 1718 4275 Christus,
1745 4210 1813 4278 qaia
1838 4227 1893 4263 nan
1913 4212 2019 4280 poesim
2041 4228 2145 4277 rapere

455 4295 528 4351 enim
554 4292 657 4349 sufficit
680 4292 716 4347 ad
740 4291 874 4348 rationem
897 4292 1036 4362 miraculi,
1060 4294 1083 4347 si
1108 4294 1213 4366 aliquid
1237 4296 1287 4352 fiat
1311 4291 1426 4344 Patrem
1449 4308 1552 4357 meum,
1577 4300 1602 4345 et
1620 4293 1754 4347 exhibebit
1772 4295 1843 4347 mili
1879 4295 2023 4365 tuaquom
2041 4298 2145 4350 duode-

454 4388 563 4455 praeter
587 4380 711 4434 ordinem
734 4379 853 4449 alicujus
876 4386 991 4433 naturae
1013 4380 1201 4451 particularis,
1227 4383 1285 4437 sive
1311 4376 1364 4429 cim
1383 4376 1504 4446 legiones
1522 4378 1706 4445 anpclornmt
1735 4313 1980 4450 compoeiendunt
1996 4388 2089 4436 autem
2114 4388 2144 4439 12

453 4475 563 4540 praeter
586 4467 753 4522 ordinarium
777 4466 898 4520 faciendi
922 4467 1047 4536 modum,
1073 4468 1172 4522 seder
1194 4485 1226 4523 eo
1244 4469 1285 4523 di·
1310 4462 1433 4532 legiones
1457 4463 1608 4517 secundum
1626 4462 1775 4535 vegetium
1793 4472 1815 4520 2.
1840 4466 1875 4521 de
1896 4484 1926 4520 re
1944 4466 2055 4522 militar.
2077 4485 2100 4521 o.
2122 4475 2144 4524 θ.

454 4554 526 4610 citur
548 4554 658 4624 proprie
683 4552 857 4619 miraculum,
884 4553 958 4622 quod
981 4552 1013 4606 fit
1031 4563 1140 4623 praeter
1160 4556 1284 4611 ordinem
1310 4547 1417 4617 pedites
1439 4551 1532 4615 73200,
1554 4548 1659 4619 equites
1678 4556 1753 4619 876ος
1772 4569 1837 4621 ergo
1852 4550 2002 4607 duodecim
2020 4553 2143 4626 legiones

452 4642 537 4698 totiug
556 4646 670 4694 naturae
690 4645 807 4694 mmo,
838 4637 951 4693 Diabou
970 4656 1021 4708 W
1034 4640 1205 4709 repentinam
1218 4643 1285 4695 acti.
1311 4642 1402 4688 088th
1414 4639 1506 4689 81960.
1524 4633 1759 4703 Hebr.12,v.22:
1775 4638 1993 4706 πρθςέληλύθαῐὶ
2005 4640 2142 4712 μυριάσιν

453 4744 549 4796 varum
576 4724 744 4795 ramalium
765 4725 802 4780 ad
829 4725 941 4795 passiva
962 4741 998 4794 ap
1018 4724 1174 4787 limtimem
1198 4728 1286 4786 multa
1311 4719 1446 4788 ἀγγέλων·
1780 4752 1782 4759 ·

409 4819 411 4822 ’
451 4813 571 4882 faciunt,
597 4827 669 4884 quae
691 4810 771 4866 nobis
798 4809 935 4865 mirabilia
959 4742 1100 4879 vidintur,
1126 4813 1182 4867 suis
1202 4815 1284 4869 etiam

420 4891 424 4898 ‘
450 4899 607 4976 preesdgiis
629 4896 752 4964 homiues
776 4896 919 4958 deludunt
958 4896 995 4959 Et
1017 4898 1102 4974 probe
1122 4901 1283 4971 notandum,
1623 4928 1829 4935 ----·

451 4986 527 5061 qqod
549 4984 681 5049 mecum
704 5000 769 5047 rora
788 4982 855 5049 siut,
878 4997 950 5056 quae
969 4982 1005 5036 ad
1022 4982 1126 5039 bonum
1142 4985 1225 5044 finem
1242 5003 1285 5042 cr·

451 5069 597 5140 dicentum
616 5069 688 5135 falsa
706 5075 808 5137 autem,
826 5085 898 5140 quac
915 5069 951 5124 ad
972 5069 1161 5141 deceptionem
1179 5080 1206 5127 et
1218 5073 1283 5129 sub·
1664 5084 1669 5092 “

452 5156 605 5224 censionem
618 5155 758 5221 hominum
771 5160 905 5226 spectant,
923 5154 997 5209 unde
1014 5145 1089 5213 recte
1100 5158 1284 5229 concluditur,
1553 5144 1616 5205 ΒΕ
1635 5144 1656 5205 ⁰
1674 5146 1698 5216 Τ
1715 5144 1732 5205 Ῑ
1749 5146 1772 5206 0
1807 5144 1906 5208 XIX·

452 5242 546 5308 omnio
569 5241 679 5298 diaboli
703 5241 842 5382 mgiqctrtehla
864 5258 923 5296 cese
944 5242 1033 5307 salsa.
1070 5242 1211 5313 Chrysost
1236 5213 1298 5301 hai
1352 5266 1418 5330 DE
1448 5266 1737 5345 COLLOQUIO
1766 5269 2083 5340 ANGELORUM

482 5328 489 5341 ‘
532 5332 572 5383 29.
592 5343 624 5381 su
691 5332 715 5382 9.
826 5370 832 5383 .
2085 5327 2092 5341 “

326 5435 430 5525 rom.
452 5328 534 5470 mil.-
563 5412 598 5469 In
621 5342 721 5484 girante
747 5412 782 5467 de
804 5418 942 5494 potestate
964 5412 1068 5469 diaboli
1086 5413 1139 5470 hoc
1156 5416 1284 5483 sciamus,
1344 5424 1384 5473 79.
1418 5418 1573 5489 Quaerunt,
1599 5424 1737 5489 monada
1761 5422 1857 5494 angeli
1880 5424 1936 5477 sihi
1959 5424 2076 5483 invicem
2100 5429 2139 5482 lo
2154 5450 2237 5497 amu

326 5487 364 5527 ‘¹⁸¹¹
384 5483 420 5541 -¹·
453 5501 528 5580 quod
549 5514 652 5575 magua
677 5496 788 5575 quidem
812 5496 928 5568 illusit,
952 5498 1061 5554 interim
1080 5507 1173 5555 tamen
1193 5502 1284 5558 deter-
1310 5506 1453 5573 quantur!
1476 5501 1601 5560 Dursnd.
1621 5512 1643 5562 2.
1663 5508 1732 5561 sent.
1752 5507 1815 5563 dist
1838 5514 1876 5563 ll.
1895 5527 1921 5580 q.
1939 5515 1962 5565 2.
1980 5516 2075 5583 putat,
2093 5529 2139 5570 an-
2154 5511 2240 5590 βψ

454 5586 559 5656 priuata
584 5601 617 5651 ao
636 5582 691 5639 Dei
714 5582 830 5660 imperio
849 5584 982 5656 subiecta
1017 5584 1104 5641 Recte
1122 5584 1237 5659 Gregor.
1261 5595 1283 5646 2.
1296 5626 1298 5640 .
1311 5588 1388 5660 gelos
1414 5607 1469 5646 non
1489 5589 1543 5644 alio
1561 5590 1642 5650 modo
1659 5593 1791 5666 colloqui,
1814 5592 1867 5660 nisi
1890 5562 2252 5668 00q1100umh0.0⁰0irii¹”

453 5670 553 5740 morah
571 5689 590 5732 a
607 5687 637 5731 ee
654 5671 716 5737 epea
734 5660 867 5721 diabolus
884 5670 1178 5725 moendioolnntatem
1196 5674 1284 5741 tacet,
1311 5673 1445 5743 minibus,
1472 5675 1615 5734 formando
1639 5695 1719 5733 voces
1741 5678 1770 5732 in
1787 5679 1860 5735 aiire.
1896 5680 1995 5737 Scotus
2020 5688 2043 5750 2.
2072 5691 2140 5739 sent.
2155 5661 2252 5701 quantur

452 5761 503 5814 ted
522 5777 541 5812 a
560 5758 684 5812 Domino
701 5762 875 5827 pendeam.
915 5758 999 5818 Quod
1019 5757 1092 5816 enim
1111 5758 1170 5830 iprae
1181 5761 1285 5826 facere
1314 5761 1375 5816 dist
1393 5767 1418 5817 9.
1442 5778 1488 5832 qu.
1505 5768 1530 5817 2.
1553 5780 1637 5818 unum
1661 5763 1790 5835 angelum
1814 5783 1864 5836 per
1886 5764 1939 5821 hoc
1962 5768 2044 5822 alteri
2065 5768 2141 5846 loqui
