5017 6675
838 545 891 601 DE
908 542 1122 603 ELEOE'IONE
1139 542 1190 600 ΕΤ
1205 542 1509 603 montmerla.
1978 556 2017 613 99

339 694 614 763 wasmont&
628 694 809 768 licuerant),
835 717 886 768 ne,
910 700 1163 756 danoalantaten
1189 700 1270 753 notri
1297 700 1334 754 sit
1362 700 1477 755 oerstta
1527 697 1606 754 Haec
1631 697 1829 763 Bedmmlnns,
1858 700 1907 771 qui
1932 700 1962 754 in
1987 717 2021 756 ea

334 785 392 839 Dei
408 782 595 853 mapnrfleare
611 784 751 852 nolanae,
772 786 867 855 potiar
883 787 1021 840 volantati
1037 788 1099 856 ejas
1117 787 1162 839 ds·
1189 784 1308 855 primum
1325 792 1430 857 peccat,
1447 784 1523 857 quod
1540 785 1818 856 praedestinationem
1836 785 1893 840 sire
1911 786 2020 841 electio-

334 886 460 940 rapernas
478 874 530 924 etc.
565 869 689 939 Propter
706 872 758 926 tor
775 871 936 942 abendam,
963 873 1041 941 qaod
1058 890 1163 942 propa
1190 886 1252 925 nem
1274 870 1388 938 (fatetur
1407 869 1479 925 enim
1498 869 1558 941 ipsc
1577 886 1638 926 esse
1650 870 1699 925 hos
1713 872 1842 926 terminos
1854 871 2021 941 reciprocos)

282 954 286 965 '
332 955 415 1009 sitan
433 955 510 1009 iliad
530 963 671 1009 aeternam
690 964 716 1010 et
733 956 861 1011 columae
879 958 933 1012 itta
953 966 993 1012 est
1011 958 1163 1012 rationabi-
1190 955 1273 1010 sumit
1296 973 1347 1028 pro
1372 956 1448 1010 nuda
1474 955 1626 1012 intentione
1652 955 1737 1010 dandi
1762 957 1847 1011 vitam
1872 962 2019 1025 aeternam,

332 1041 443 1096 ts'rsim
461 1047 489 1095 et
506 1042 645 1095 rationem
663 1041 757 1110 tabet,
783 1050 810 1096 et
831 1045 901 1097 rtem
918 1045 953 1097 ab
970 1053 1082 1099 aetem
1096 1045 1163 1113 risit,
1190 1047 1273 1096 uter
1292 1039 1472 1112 sequentibus
1489 1039 1598 1112 patebit
1616 1041 1731 1095 clarius:
1755 1046 1784 1095 at
1807 1041 1943 1112 scriptura
1967 1040 2019 1096 hoc

332 1126 367 1180 ab
385 1128 650 1181 numerationem
662 1127 766 1197 hatrat,
781 1128 938 1183 nonaliarn
938 1137 1065 1207 propter
1076 1147 1163 1184 men-
1188 1127 1374 1197 propositum,
1400 1126 1472 1181 hanc
1493 1125 1675 1190 voluntatem,
1701 1125 1773 1181 hanc
1798 1125 1929 1182 εὐδοκίαν
1953 1125 2020 1181 DEI

331 1214 405 1276 tiam,
423 1214 477 1267 sed
486 1221 608 1282 propter
626 1221 810 1270 connotatsrn.
841 1214 917 1278 Quid
926 1223 1018 1270 aretem
1034 1216 1072 1269 sit
1088 1216 1164 1270 iliad
1188 1212 1224 1267 ab
1237 1214 1299 1284 ipss
1310 1213 1444 1268 electione
1458 1211 1612 1283 distinguit,
1631 1212 1697 1266 dum
1708 1212 1785 1281 dicit,
1802 1212 2020 1282 DEUMprae·

330 1299 359 1353 in
376 1298 512 1353 electiora
538 1281 677 1353 lancinari
701 1299 745 1354 nel
767 1301 977 1371 reprobatione,
1002 1303 1082 1356 notis
1105 1319 1162 1355 non
1188 1299 1342 1352 destinasse
1361 1316 1412 1353 nos
1424 1301 1576 1353 secundm
1589 1300 1766 1368 propositam
1780 1299 1934 1352 adamatis
1943 1315 2019 1351 snae.

330 1393 369 1440 est
388 1385 502 1440 omnino
524 1391 632 1456 noarrn,
657 1403 707 1440 nee
733 1387 844 1441 omnino
867 1387 998 1456 ipnatam.
1039 1388 1162 1456 Propter
1187 1383 1257 1454 Epir
1279 1391 1302 1450 l,
1321 1400 1346 1441 r.
1365 1391 1389 1439 t.
1411 1386 1500 1455 jacta
1522 1385 1723 1455 beneplacitum
1740 1401 1832 1453 mam,
1856 1387 1933 1452 qaod
1952 1401 2020 1453 pro·

330 1471 380 1526 tor
399 1472 564 1538 notandum,
582 1473 661 1542 qaod
676 1473 816 1542 qnaedmn
833 1479 897 1526 sunt
913 1490 1010 1544 opera,
1027 1489 1098 1543 qnae
1116 1490 1161 1526 ee·
1183 1471 1280 1538 posuit
1300 1471 1330 1524 in
1348 1480 1431 1525 cernet
1446 1472 1516 1541 ipsc
1554 1487 1579 1524 r.
1599 1477 1624 1527 9.
1647 1472 1874 1540 praedestinatas
1892 1487 1943 1524 nos
1960 1487 2018 1524 erse

331 1566 392 1612 wat
411 1575 432 1612 a
448 1555 592 1612 calamato
609 1558 707 1612 derina
726 1575 787 1612 crem
814 1559 874 1613 alia
898 1560 940 1612 ad
956 1559 1009 1613 boc
1029 1559 1161 1614 ordinato
1187 1558 1338 1610 sesamam
1353 1557 1528 1627 propositum
1546 1558 1623 1625 ajam
1644 1558 1695 1626 qai
1715 1565 1849 1625 operam
1866 1557 1961 1610 omnia
1979 1574 2019 1610 se·

331 1643 430 1699 ordine
453 1644 642 1712 securitatis,
668 1643 726 1700 eine
752 1645 942 1699 necestitatern
967 1662 1108 1699 sumamus
1131 1646 1162 1699 in
1187 1643 1307 1696 aaran
1324 1644 1472 1698 conabam
1490 1643 1643 1697 volunta&
1658 1659 1741 1707 anae,
1762 1661 1790 1699 v.
1810 1648 1849 1698 11.
1874 1641 1941 1696 dum
1965 1642 2018 1696 ele·

331 1731 491 1799 οοιιοοιιάο,
514 1730 572 1784 eabe
596 1731 626 1784 in
648 1733 779 1786 manseio
795 1731 839 1785 cel
861 1731 1050 1801 disponendo,
1074 1739 1100 1785 et
1118 1746 1161 1784 re·
1186 1734 1246 1783 ctos
1265 1728 1305 1784 its
1322 1729 1466 1798 describit3
1494 1731 1572 1799 quod
1593 1731 1650 1783 sint
1667 1730 1818 1782 secandam
1842 1729 2018 1798 propositam

330 1822 425 1887 rpertrs
452 1815 554 1870 tatinrn
580 1815 677 1870 divina
703 1817 833 1871 salamas
859 1817 995 1871 rationem
1025 1817 1106 1871 habet
1131 1819 1162 1871 in
1187 1813 1376 1870 mantilium.
1397 1820 1421 1884 8,
1440 1832 1467 1871 v.
1488 1820 1530 1871 28.
1565 1815 1642 1886 Ergo
1665 1814 1766 1869 electio
1789 1830 1845 1868 non
1862 1819 1906 1868 est
1927 1814 2018 1884 ipsum

330 1901 459 1971 pasorali
477 1909 503 1955 et
521 1902 648 1971 speciali.
684 1901 733 1957 Sic
749 1904 777 1957 ei
792 1910 958 1973 pmeratnr,
976 1919 1063 1972 errare
1082 1906 1162 1958 Deae
1187 1898 1257 1953 illud
1277 1897 1332 1954 Dei
1350 1900 1535 1971 propositum,
1562 1901 1613 1954 sed
1634 1901 1717 1970 juxta
1732 1900 1917 1977 ,propesitum
1937 1898 2019 1953 facts.

330 1988 419 2056 napis
442 1987 503 2042 cult
526 1987 637 2042 sabare
654 1989 769 2042 Petrum
793 2006 876 2058 quant
901 1988 1025 2060 Judam,
1049 2007 1161 2060 respon·
1188 1984 1319 2041 Fatemur
1342 2001 1402 2040 esse
1427 2001 1531 2040 meram
1554 1993 1583 2040 et
1605 1985 1762 2041 absolutam
1786 1984 1917 2056 gratiam,
1945 1985 2018 2056 qnod

330 2075 426 2139 δάιον,
455 2074 526 2143 quia
547 2073 600 2127 ists
623 2072 721 2127 babuit
747 2074 820 2139 bona
846 2075 959 2143 merita,
989 2075 1039 2130 illc
1065 2077 1160 2129 mala:
1188 2070 1265 2125 Deus
1282 2071 1320 2126 ab
1335 2077 1446 2126 acterm
1470 2071 1591 2126 docrevit
1616 2070 1740 2124 homines
1763 2071 1882 2135 salvare,
1908 2070 1973 2142 quia
1994 2070 2018 2123 si

330 2152 473 2228 quasdam
490 2167 583 2213 antem
599 2166 783 2228 sumopere,
809 2176 881 2230 purae
900 2169 965 2214 sant
984 2177 1003 2213 a
1020 2161 1161 2215 voluntate
1188 2157 1305 2212 mammo
1328 2157 1422 2212 nullos
1443 2156 1594 2222 salvasset,
1624 2158 1666 2226 tid
1691 2163 1749 2225 est,
1778 2158 1801 2211 si
1826 2158 1871 2212 vel
1894 2156 2017 2211 homines

329 2246 428 2300 &esna
454 2262 517 2299 cum
538 2246 598 2300 atio
621 2247 663 2300 ad
685 2246 736 2300 llos
761 2246 893 2300 ordinato
917 2247 1018 2311 ordine
1035 2249 1161 2316 conpr-tsi·
1186 2257 1242 2296 non
1268 2242 1438 2299 condidisset
1459 2244 1496 2298 sd
1519 2244 1605 2299 vitam
1629 2252 1784 2313 aeternam,
1809 2243 1908 2299 velex
1931 2243 2018 2315 lapsis
2030 2245 2065 2287 tv.
2079 2244 2126 2290 ²2⁷·

328 2332 411 2400 tatis,
437 2332 511 2385 sieta
537 2339 577 2386 est
603 2339 700 2386 nostra
714 2332 895 2402 ,pratifioatio
921 2333 965 2386 nel
984 2332 1161 2402 justificatio,
1186 2327 1343 2383 hominibus
1360 2328 1452 2383 nullos
1469 2329 1600 2400 elegisset
1613 2329 1650 2383 ad
1667 2329 1764 2394 vitam)
1776 2335 1869 2384 tamen
1879 2329 2018 2399 perfectus

329 2434 401 2490 quas
418 2426 459 2472 est
476 2435 495 2471 a
514 2419 610 2472 divina
628 2418 768 2472 noluntas
786 2436 847 2473 curm
859 2421 1020 2489 operatione
1036 2427 1063 2473 et
1074 2435 1160 2489 prae-
1186 2420 1215 2468 et
1242 2413 1342 2489 beatus
1373 2415 1568 2485 permansisset
1596 2414 1625 2468 in
1655 2415 1777 2485 seipso,
1810 2429 1875 2485 tquo
1892 2422 2019 2485 spectant

324 2504 481 2574 paratione
501 2504 585 2558 liberi
601 2503 731 2558 arbitrii:
756 2513 879 2560 attamen
896 2507 1061 2576 quandoque
1081 2508 1161 2560 Dens
1186 2499 1279 2554 omnia
1301 2499 1362 2568 ills,
1390 2516 1463 2572 quae
1486 2501 1610 2571 speciose
1628 2500 1814 2554 Bellarminus
1840 2499 1960 2571 profert,
1983 2500 2019 2556 dc

328 2591 388 2644 siae
401 2590 629 2660 praeparatione
646 2598 673 2645 et
690 2591 885 2662 cooperatione
898 2593 1046 2662 justificat,
1062 2599 1093 2645 at
1106 2610 1161 2661 pa·
1187 2584 1304 2639 exclusis
1323 2585 1427 2640 merids
1444 2591 1473 2643 et
1488 2587 1560 2642 bono
1579 2603 1632 2641 usn
1650 2586 1732 2642 liberi
1755 2585 1864 2641 arbitrii
1889 2587 1933 2643 vel
1956 2600 2019 2658 gra-

328 2683 366 2730 tet
396 2677 432 2730 de
463 2675 647 2744 sanctffiratis
673 2677 704 2730 in
731 2685 824 2742 atera,
855 2686 882 2731 et
910 2685 1037 2748 respecta
1062 2678 1162 2732 taliam
1186 2669 1242 2725 tiae
1261 2669 1298 2724 ab
1315 2677 1380 2727 actu
1397 2671 1671 2742 praedestinsn‘onis)
1696 2673 1745 2727 sed
1764 2673 1835 2727 hanc
1855 2672 2019 2728 benevolam

329 2776 446 2830 pm
465 2761 546 2816 aare
563 2762 701 2816 raram
718 2763 870 2818 „orama
887 2763 917 2816 a
935 2764 1066 2832 paene
1087 2771 1113 2818 er
1131 2765 1162 2818 n
1186 2756 1241 2811 Dei
1268 2740 1452 2827 ulmeam,
1476 2756 1529 2814 hoe
1547 2759 1719 2830 propesitum
1742 2757 1797 2815 ne
1820 2758 1923 2826 snum,
1947 2758 2019 2814 serr-

327 2846 459 2918 rpesiats',
475 2849 529 2901 sed
546 2848 577 2901 in
593 2848 723 2917 penerali
741 2855 859 2917 certam,
882 2849 912 2902 in
935 2850 1056 2919 speciali
1072 2851 1162 2904 aena-
1186 2849 1271 2914 ptum
1289 2842 1417 2915 nuspimn
1433 2851 1515 2899 vocet
1532 2844 1709 2915 eleon'onem,
1726 2844 1771 2900 rel
1787 2843 2019 2914 'praedestinatio-

325 2939 395 2986 ἐπι
423 2931 461 2988 a·
472 2933 546 2988 enin
563 2933 713 3004 qnwstsr,
730 2950 819 3004 quen-e
831 2935 912 2988 Deru
925 2934 984 2988 ratt
995 2935 1162 3006 parificare,
1187 2946 1264 2995 nem,
1290 2930 1340 2985 sed
1360 2930 1430 2985 dicit
1447 2945 1498 2984 nos
1515 2931 1618 2986 electos
1635 2947 1696 2986 esse
1713 2930 1742 2985 in
1761 2930 1886 2999 Christo,
1908 2931 2018 2986 electio

326 3033 400 3090 resp.
421 3020 465 3072 ad
478 3019 689 3073 mt'sert'oordiae
704 3036 773 3074 snae
784 3020 980 3075 munitionem:
1000 3021 1064 3075 etsi
1079 3038 1162 3093 qnae-
1186 3031 1249 3071 nem
1266 3015 1369 3071 factam
1388 3016 1456 3070 κατὰ
1478 3015 1654 3090 πρόγνωσιν,
1673 3017 1775 3073 electos
1793 3032 1853 3072 esse
1872 3015 1934 3077 wic
1953 3020 2018 3090 pti-

326 3105 411 3173 m,
431 3121 521 3176 qnare
539 3120 595 3159 non
611 3104 671 3158 salt
688 3121 782 3160 ornnes
799 3105 923 3160 tarnim
935 3107 1097 3175 jastrfieare
1115 3125 1162 3162 so·
1187 3106 1285 3163 torrae
1303 3100 1442 3158 πιστεύειν
1452 3108 1519 3158 eta:
1538 3119 1572 3157 ex
1589 3101 1691 3175 quibus
1710 3109 1739 3158 et
1755 3101 1892 3158 similibus
1904 3103 2018 3159 locutio-

327 3191 436 3245 lentate
452 3190 635 3261 beneprlaeiti5
652 3191 809 3261 mandam,
828 3192 905 3260 qaod
922 3200 963 3245 set
979 3192 1031 3246 tos
1043 3201 1162 3262 propter
1186 3189 1269 3246 nibus
1293 3195 1422 3261 apparet,
1446 3189 1588 3245 electionis
1612 3190 1688 3246 actui
1710 3190 1788 3254 τάξιν
1815 3191 1966 3247 mediorum
1990 3198 2019 3247 et

321 3275 459 3347 justitiae
481 3292 550 3331 snae
576 3277 766 3330 ortmsionern
814 3276 849 3331 ai
870 3286 1024 3347 queantur
1046 3278 1076 3331 in
1100 3293 1161 3348 spe·
1187 3275 1398 3347 praescientiam
1414 3275 1481 3332 fidei
1499 3276 1682 3334 inchristnm
1697 3277 1810 3346 includi,
1827 3278 1902 3351 quad
1917 3277 2019 3334 clarius

328 3363 415 3434 ciali,
443 3378 533 3433 qnare
561 3363 653 3432 napis
682 3365 741 3419 rats
762 3364 922 3434 jaetr'strare
950 3382 1048 3434 annm,
1077 3382 1161 3435 qaam
1187 3361 1229 3415 sic
1246 3362 1370 3418 ostendo.
1398 3363 1497 3420 Voluit
1511 3363 1588 3419 Deus
1600 3364 1637 3419 ab
1655 3370 1767 3421 aeterno
1785 3381 1879 3421 omnes
1896 3364 2019 3420 homines

328 3448 420 3503 etism
436 3448 547 3502 derbes
570 3448 707 3503 &mdabat
731 3450 941 3515 demonuratis,
968 3452 1035 3519 qaia
1056 3452 1162 3505 mattae
1189 3448 1280 3502 salvos
1308 3448 1386 3519 fieri,
1422 3450 1489 3521 quia
1518 3449 1611 3505 adhuc
1639 3450 1668 3503 in
1698 3457 1822 3522 tempore
1851 3451 1920 3506 illud
1950 3451 2035 3508 vult.=
2097 3497 2099 3501 Α

326 3539 451 3605 posent
476 3549 538 3589 eece
562 3535 689 3589 rationes
713 3536 921 3606 conpensatiae,
948 3536 1014 3590 ideo
1039 3555 1096 3591 non
1122 3546 1162 3591 est
1190 3539 1212 3590 1.
1237 3534 1357 3591 Timoth.
1382 3541 1412 3605 t,
1437 3553 1463 3594 r.
1482 3543 1505 3592 t.
1540 3536 1609 3603 (Sed
1634 3536 1703 3592 haec
1727 3536 1782 3593 Dei
1803 3536 1931 3611 voluntas
1952 3555 2019 3593 non·

328 3622 471 3676 retanda
497 3629 620 3690 aparte
640 3621 686 3675 rei
706 3629 732 3675 et
755 3622 820 3676 ideo
837 3639 899 3675 esen
922 3624 1043 3692 rapnitio
1065 3633 1162 3679 neena
1188 3619 1255 3675 dnm
1272 3627 1317 3676 est
1335 3622 1396 3693 ipsa
1412 3621 1532 3690 electio),
1550 3622 1655 3677 amavit
1673 3637 1740 3693 ergo
1758 3637 1852 3676 omnes
1868 3621 2018 3678 inAdamo

327 3709 451 3779 pendeat
483 3723 503 3761 a
527 3708 693 3784 entitadsns
719 3708 774 3777 rei,
802 3708 898 3763 salins
921 3717 1016 3778 potest
1039 3711 1163 3766 invenire
1188 3706 1327 3762 advitam
1346 3713 1501 3773 aeternam3
1526 3707 1665 3777 praeridit
1688 3713 1781 3762 antem
1797 3707 1938 3763 Adamnm
1955 3724 2019 3763 cum

328 3801 435 3849 certam
446 3794 593 3863 rationem,
605 3794 664 3847 nisi
673 3794 773 3847 lrabeat
780 3811 836 3864 per
847 3795 1050 3851 revelationem.
1083 3795 1162 3852 Haec
1188 3794 1263 3848 omni
1279 3794 1442 3865 posteritate
1458 3793 1614 3864 lapsurum,
1640 3793 1762 3849 decrerit
1788 3810 1856 3865 ergo
1878 3796 1907 3849 in
1930 3810 2018 3850 reme·

328 3879 423 3935 onmia
440 3878 620 3949 scholastici,
644 3879 692 3952 qui
710 3896 821 3952 quoquo
839 3897 868 3936 se
884 3885 1006 3950 vertant,
1025 3890 1163 3954 coguntur
1189 3879 1266 3934 dium
1288 3880 1382 3950 lapsus
1405 3880 1514 3935 mittere
1532 3879 1649 3950 Filium,
1674 3880 1722 3952 qui
1749 3881 1877 3937 omnibus
1896 3881 2018 3937 vicissim

328 3981 363 4021 ex
381 3966 440 4021 suis
458 3964 660 4037 hypothesibus
678 3971 798 4021 statuere
812 3966 975 4023 electionem
989 3967 1091 4023 mtam
1103 3986 1162 4024 esse
1188 3963 1345 4020 hominibus
1362 3965 1449 4020 vitam
1463 3974 1619 4036 repararet3
1644 3967 1695 4022 sed
1719 3967 1786 4038 quia
1809 3967 1947 4024 medicina
1963 3985 2019 4023 non

329 4068 363 4107 ex
378 4051 565 4123 munientia
579 4052 752 4121 meritorum,
770 4069 833 4107 cnm
850 4059 974 4109 statuant
989 4053 1111 4111 homines
1128 4071 1162 4110 ex
1188 4052 1303 4122 prodest
1320 4052 1426 4123 absque
1442 4052 1636 4124 applicatione,
1655 4054 1777 4110 decrevit
1788 4053 1871 4110 etiam
1886 4054 2020 4111 beneficia

330 4153 456 4211 congruo
474 4137 573 4195 mereri
594 4138 819 4210 justificationem
842 4145 872 4195 et
893 4157 927 4197 ex
945 4140 1085 4213 medigno
1104 4141 1162 4213 glo·
1188 4136 1254 4191 Filii
1280 4154 1330 4209 per
1355 4138 1470 4194 verbum
1497 4140 1549 4195 toti
1578 4140 1680 4195 mundo
1706 4141 1819 4206 offerre,
1847 4147 1875 4197 et
1901 4139 2019 4211 Spiritus

328 4222 520 4280 ιὶἧοιίὶοοοιο.
1188 4223 1278 4279 sancti
1299 4223 1425 4280 efficacia
1446 4224 1529 4281 fidem
1552 4226 1581 4281 in
1604 4227 1736 4282 cordibus
1758 4227 1898 4282 hominnm
1921 4244 2018 4294 accen·

259 4334 291 4366 ι·
370 4313 428 4368 itt.
461 4308 538 4375 Quid
560 4325 625 4366 vero
647 4311 683 4367 dc
706 4311 1099 4382 praedestinationestatnunt
1115 4311 1162 4368 «Ιο-
1188 4310 1268 4377 dere;
1293 4310 1433 4382 praeridit
1454 4318 1548 4366 autem
1565 4312 1698 4383 quosdam
1716 4312 1839 4369 furenter
1858 4314 2018 4369 verbumst

259 4378 319 4473 ζ’*
332 4394 443 4453 smus?
471 4395 656 4453 Bellmminns
673 4403 820 4469 postquam
838 4397 945 4468 aliquot
961 4397 1162 4468 propositiones
1187 4381 1289 4451 oblata'
1303 4397 1377 4452 bons
1394 4396 1594 4468 repudiaturos,
1614 4397 1748 4468 quosdam
1766 4404 1874 4453 tantum
1892 4399 2018 4455 efficacia

259 4490 316 4574 ζ·
330 4482 500 4539 imnum
517 4483 552 4538 de
569 4482 672 4538 auxilio
688 4483 795 4555 gratiae
811 4483 874 4550 Dei,
891 4484 1005 4538 tandem
1017 4485 1163 4557 subjungit
1188 4480 1308 4555 Spiritus
1332 4484 1421 4539 sancti
1442 4500 1492 4554 per
1516 4483 1630 4539 verbnm
1653 4492 1859 4554 persevmanter
1882 4486 1912 4540 in
1939 4486 2016 4542 chri-

259 4594 279 4625 s.
331 4568 381 4624 hb.
391 4574 415 4625 t.
431 4568 467 4623 de
479 4572 552 4641 grat.
570 4575 597 4625 et
609 4568 696 4625 libero
708 4569 804 4624 arbitr.
824 4586 847 4625 c.
862 4577 886 4626 9.
905 4568 964 4626 Col
976 4575 1040 4626 ott:
1061 4571 1161 4633 Qnam·
1187 4577 1261 4625 stnm
1279 4571 1444 4632 credituros;
1469 4569 1539 4624 hanc
1560 4571 1771 4640 praescientiam
1787 4573 1898 4628 demum
1920 4582 2016 4629 secuta

330 4656 373 4710 ais
391 4658 488 4726 pratia
505 4658 649 4720 residens
668 4657 793 4710 omnibns
811 4658 905 4719 arar,
927 4665 1021 4710 tornen
1040 4659 1161 4727 praede-
1187 4663 1229 4711 est
1246 4656 1419 4728 reprobatio;
1449 4655 1511 4710 illos
1529 4655 1604 4711 euim
1620 4656 1793 4727 reprobavit,
1818 4658 1868 4713 hos
1892 4676 1958 4714 vero
1986 4661 2015 4714 in

331 4744 494 4797 stinationis
512 4742 624 4797 divinae
639 4742 748 4796 nalum
767 4742 905 4797 rationem
924 4759 956 4796 ere
970 4752 1055 4813 parte
1072 4744 1164 4797 nosti
1187 4741 1296 4797 Christo
1316 4741 1413 4813 elegit.

331 4828 477 4898 aesimri
495 4844 588 4898 paese.
630 4828 689 4882 Per
710 4844 809 4883 nornen
830 4829 950 4881 rationis
974 4830 1044 4882 dicit
1067 4846 1096 4883 se
1118 4846 1162 4882 ea·
1224 4835 1281 4884 lat.
1315 4827 1358 4882 Ex
1382 4826 1434 4881 hac
1455 4826 1639 4883 delineatione
1662 4828 1766 4883 ordinis
1788 4829 1818 4883 in
1842 4829 1958 4885 decretis
1976 4831 2015 4885 di·
2030 4844 2143 4885 ordone-

330 4916 444 4970 etsdoee
462 4932 519 4969 non
538 4915 628 4969 satam
645 4916 746 4968 merita
760 4916 879 4985 proprie
898 4915 988 4983 dicta,
1010 4916 1162 4968 sedetiam
1187 4914 1258 4968 vinis
1275 4913 1358 4969 facile
1382 4911 1477 4984 colligi
1500 4918 1604 4983 potest,
1631 4915 1698 4985 quid
1722 4916 1897 4970 statuendum
1921 4916 1957 4970 sit
1981 4918 2017 4971 de
2030 4900 2142 4988 filsslffm

332 5002 432 5056 tom
447 5019 529 5056 nram
545 5002 630 5056 liberi
645 5002 771 5068 arbitrii,
789 5009 838 5055 aut
855 5002 974 5071 pratiae,
993 5010 1043 5054 ant
1059 5002 1161 5054 meins·
1172 4963 1176 5043 l
1187 4999 1283 5056 ordine
1300 4998 1559 5070 praedestinationis
1576 4999 1605 5053 in
1623 5007 1715 5055 ments
1732 5001 1833 5063 divina,
1852 5018 1934 5071 quem
1953 5004 2020 5059 ΒοΙ-ι
2030 5010 2078 5039 ‘⁰¹¹¹
2093 5001 2117 5039 ¹⁰

332 5105 385 5159 quse
407 5086 493 5142 sineri
517 5105 535 5140 a
554 5089 617 5142 Deo
637 5090 812 5156 praecisum,
838 5088 949 5141 &iamsi
972 5105 1027 5141 non
1050 5089 1162 5142 dieatar
1187 5085 1319 5141 lmminua
1339 5086 1369 5139 in
1385 5085 1438 5141 hoc
1454 5085 1515 5156 ipso
1530 5103 1553 5141 c.
1574 5093 1600 5142 9.
1630 5086 1687 5143 col.
1706 5093 1765 5142 6⁰5.
1782 5086 1863 5141 nobis
1877 5087 2015 5144 describit.
2029 5051 2152 5142 idlllbns

333 5189 391 5228 ssss
416 5174 558 5243 meritant,
585 5175 637 5227 sed
664 5181 772 5227 tanturn
791 5174 929 5236 οοοάίείο,
950 5173 1011 5226 sine
1033 5191 1089 5243 qna
1106 5191 1161 5227 non
1189 5175 1315 5228 Primam
1332 5171 1456 5243 (inquit)·
1466 5173 1612 5241 praevidit
1629 5174 1722 5240 Dens,
1745 5174 1773 5224 si
1795 5173 1930 5227 bornirsern
1953 5154 2137 5246 con-Jffiu„

327 5260 588 5330 praedestinaretur
600 5252 694 5329 ὼ,ὀιοι’
703 5260 945 5329 praedestinata.
970 5258 1059 5314 Addit
1071 5259 1161 5325 etiarm
1172 5218 1175 5321 l
1188 5262 1274 5323 deret,
1293 5274 1354 5312 eam
1371 5258 1519 5328 tapsannn
1535 5276 1596 5313 carn
1614 5259 1690 5313 omni
1702 5259 1874 5329 posteritate,
1893 5269 1918 5315 et
1932 5264 2017 5318 simut

332 5345 397 5400 lieet
425 5362 458 5400 οι
478 5352 564 5415 parte
589 5353 687 5399 nostra
713 5362 769 5399 non
793 5345 1058 5415 poseit·assipsari
1077 5326 1272 5430 ratialridit,
1291 5360 1374 5415 posse
1395 5359 1425 5396 se
1448 5344 1537 5397 variis
1554 5344 1646 5396 nodis
1664 5343 1784 5398 liberare
1801 5346 1844 5399 net
1863 5364 1957 5402 ornnes
1973 5352 2017 5404 rel

332 5439 424 5486 tarsen
451 5447 486 5485 sn
510 5438 593 5501 porte
619 5432 701 5486 DEI
723 5432 868 5500 aseipnari
891 5448 975 5501 passe
997 5448 1111 5485 causan
1132 5432 1162 5485 in
1188 5431 1301 5500 aliquot
1314 5447 1371 5500 pro
1389 5430 1529 5483 arbitrata
1546 5446 1605 5482 sao.
1642 5434 1665 5484 2.
1689 5428 1782 5484 Voluit
1799 5431 1935 5486 hominem
1954 5453 2016 5489 con·

333 5534 437 5588 penna
453 5519 561 5573 tranet
574 5525 606 5572 st
619 5518 990 5573 odendatarrnieerieordia
1007 5524 1035 5570 et
1046 5517 1163 5586 justitia
1188 5519 1256 5572 dere
1273 5533 1309 5569 ac
1326 5523 1357 5569 at
1375 5514 1515 5569 aternus
1533 5514 1693 5583 permittere
1712 5523 1739 5569 et
1763 5520 1900 5586 perdam
1917 5536 1950 5573 ec
1968 5538 2017 5573 nn·

333 5606 401 5676 ejas,
419 5606 451 5659 in
465 5604 642 5675 particulari
656 5621 763 5675 qaoque
777 5604 905 5657 damari
915 5621 969 5657 non
987 5618 1077 5673 poete,
1094 5604 1163 5672 quin
1187 5621 1264 5659 nero
1277 5603 1421 5672 lapsorum
1434 5589 1652 5655 niissricords'ter
1664 5601 1794 5672 liberare,
1806 5606 1874 5659 aliis
1882 5608 1913 5660 in
1924 5625 2017 5659 massa

335 5692 419 5747 Deo
436 5709 494 5745 non
512 5691 584 5745 desit
600 5708 653 5744 ssa
663 5692 747 5759 ratio,
767 5706 855 5759 quare
865 5689 949 5747 mun
964 5690 1062 5759 potins
1078 5706 1163 5758 pesam
1174 5725 1177 5798 Ι
1185 5689 1357 5762 perditionis
1376 5687 1457 5757 jaste
1484 5686 1598 5741 relictis.
1644 5693 1668 5744 3.
1692 5691 1869 5760 Eecopitaoit
1893 5692 2018 5745 remedia

333 5778 413 5834 sven»
431 5778 652 5847 praedestinare
668 5777 786 5832 voluerit
804 5777 845 5829 ad
859 5776 958 5845 riam,
983 5774 1109 5843 quamne}
1128 5776 1338 5846 ea,satransiie
1354 5773 1448 5829 eneas
1467 5772 1584 5841 ι’ὀοοοα,
1608 5774 1640 5828 in
1664 5778 1763 5845 pesitsss
1782 5781 1906 5847 primam
1929 5777 2019 5829 lorum

1653 5880 1691 5934 7.
