5017 6675
455 458 513 517 111
884 414 886 417 ’
1157 448 1425 509 1111111111

384 663 388 673 ,
450 610 596 677 peccatum
629 603 744 676 originis
777 604 876 660 statuit
896 604 1080 660 substantiam
1102 605 1217 673 malam3
1243 602 1283 659 sic
1310 604 1381 673 qaid
1400 611 1538 674 repugnat
1556 602 1614 673 lepi
1632 603 1689 657 sice
1705 603 1743 656 sit
1760 603 1897 671 desmtae,
1913 601 1971 656 sice
1982 601 2143 673 inclinatio,

451 691 525 748 enim
544 689 641 746 scribit
657 696 729 762 part
749 697 772 747 1.
787 690 864 747 Clav.
877 697 910 748 tr.
924 698 949 747 6.
961 692 1084 763 1111111.
1096 691 1206 763 origp.
1218 693 1282 745 tao:
1307 691 1364 743 sire
1384 691 1466 745 actio.
1501 690 1544 744 Hi
1562 707 1655 744 omnes
1673 689 1804 742 uidentur
1823 688 2002 743 Belicrmino
2021 689 2079 743 sine
2090 691 2142 744 im-

456 781 540 832 Totus
558 779 647 847 bomo,
665 787 787 847 qrusntm
798 779 863 847 jam
882 787 923 832 est
940 778 997 832 sive
1012 778 1042 831 in
1055 777 1209 831 adstantia
1225 777 1281 829 sius
1304 778 1460 845 pmtdentes
1476 776 1534 830 eice
1545 776 1776 845 praevaricantes
1794 774 1824 827 in
1837 782 1933 828 castra
1944 774 2043 828 Flacii
2053 775 2142 831 obire.

452 865 482 917 in
500 864 691 917 accidentibus
709 871 843 933 quotenus
859 864 928 917 talis
940 872 995 933 est,
1014 881 1092 918 mesa
1110 863 1282 917 abominatio
1308 861 1534 932 Respondemus:
1553 862 1616 928 Qua
1633 860 1803 916 conscientia
1819 860 2005 915 Bellnrminua
2024 861 2080 915 iliis
2101 862 2143 916 di·

452 968 486 1002 ac
503 958 651 1020 peccatam
671 958 716 1006 est.
751 949 823 1005 Ibid.
859 952 921 1005 Nos
937 951 1005 1005 olim
1021 952 1127 1017 fuimus
1143 952 1173 1004 in
1189 949 1284 1019 prima
1308 947 1496 1019 ligentissimis
1522 948 1605 1019 hujus
1629 946 1766 1018 dogmatis
1785 946 1982 1018 interpretibus
2002 952 2032 1002 et
2051 947 2144 1003 Flacii

453 1037 593 1090 acutione
618 1035 755 1105 quiddam
779 1036 864 1089 valde
889 1038 988 1091 bonum
1013 1046 1071 1091 tum
1096 1039 1127 1090 in
1153 1036 1282 1089 occiden·
1308 1034 1522 1089 accuratissimis
1551 1033 1748 1089 refutatoribus
1779 1034 1832 1088 hoc
1868 1032 1971 1088 crimen
2000 1033 2142 1089 intentat?

451 1122 525 1175 tibus
542 1130 600 1176 tum
617 1122 648 1175 in
664 1121 829 1188 substantio,
842 1130 944 1192 posteo
962 1123 1063 1176 mutati
1077 1140 1171 1175 samm
1193 1137 1283 1174 essen
1308 1119 1437 1174 nimirum
1461 1126 1567 1175 remota
1591 1119 1776 1176 declaratione
1796 1136 1924 1190 expresse
1941 1119 2038 1174 addita
2054 1120 2145 1176 111111

452 1209 559 1262 naida
583 1209 613 1262 in
639 1225 697 1260 rem
721 1207 806 1260 valde
823 1209 927 1262 molam
944 1210 1098 1263 substomia
1117 1226 1183 1275 saa,
1210 1215 1240 1261 ut
1258 1208 1285 1259 si
1309 1205 1430 1277 ipsorum
1454 1206 1483 1259 in
1506 1205 1627 1261 alienum
1651 1222 1763 1260 sensum
1787 1206 1940 1278 detorquet
1980 1203 2144 1277 Wigaudus

451 1296 545 1348 uinum
563 1295 697 1363 optimam
715 1302 785 1348 esset
801 1301 936 1348 matutam
954 1296 985 1348 in
1007 1304 1115 1348 acetum
1138 1294 1283 1348 combassi-
1309 1299 1454 1361 peccatum
1478 1291 1592 1364 originis
1617 1299 1698 1347 voest
1722 1308 1782 1346 1111
1800 1308 1890 1356 mam,
1912 1291 1938 1347 11
1959 1309 1982 1348 e.
2002 1297 2035 1347 ut
2055 1294 2144 1348 mani-

452 1399 532 1434 mum.
549 1398 576 1450 p.
596 1384 660 1434 482:
684 1379 736 1432 boc
761 1383 844 1434 modo
869 1398 965 1435 assero
988 1389 1014 1434 et
1031 1381 1119 1434 sentio
1138 1389 1282 1449 peccatam
1309 1377 1379 1433 feste
1395 1395 1425 1432 se
1442 1377 1533 1447 ipsum
1550 1378 1681 1448 explicat,
1705 1378 1844 1433 hominem
1861 1385 1974 1449 propter
1991 1378 2062 1433 illud
2079 1396 2145 1435 esse

452 1465 591 1535 originale
613 1480 672 1518 esse
696 1465 893 1534 substantium,
919 1468 987 1535 quio
1010 1468 1105 1520 animo
1133 1466 1283 1519 rationales
1309 1480 1400 1519 coram
1418 1462 1480 1519 Deo
1497 1479 1590 1534 reum;
1609 1464 1775 1519 vocabulum
1795 1464 1880 1535 igitur
1898 1463 2074 1534 reiopponit
2090 1483 2144 1520 nu·

451 1549 479 1607 et
493 1551 662 1622 proesmim
679 1552 742 1619 ejus
759 1552 949 1605 nobilissimae
968 1552 1217 1621 adstantialssqae
1230 1568 1282 1620 po·
1310 1549 1362 1604 dae
1377 1549 1526 1620 negationi,
1541 1549 1593 1604 hoc
1606 1550 1777 1621 significatu:
1797 1558 1942 1622 paccatum
1955 1551 2069 1622 originis
2084 1568 2145 1607 non

399 1678 401 1681 ψ
453 1637 568 1700 tentiae,
593 1652 690 1704 nempe
716 1635 874 1690 intellectas
903 1645 930 1690 et
955 1637 1096 1700 voluntas,
1124 1653 1196 1689 nanc
1220 1642 1283 1689 sant
1310 1642 1352 1690 est
1367 1636 1444 1690 nuda
1460 1636 1586 1707 negatio,
1610 1636 2142 1709 11111111111111,111111111111111-

454 1725 526 1776 adeo
548 1739 670 1790 prorsas
687 1721 826 1788 invasae,
851 1730 882 1776 ut
906 1723 961 1776 sint
980 1739 1046 1776 sera
1069 1730 1093 1775 et
1110 1723 1174 1775 oica
1190 1723 1283 1789 imapo
1310 1737 1390 1790 vum,
1417 1726 1446 1776 et
1462 1722 1562 1776 vitiosa
1580 1722 1706 1793 qualitas.
1741 1723 1813 1778 Tota
1841 1723 1996 1778 substantia
2023 1723 2145 1779 hominis

457 1807 581 1861 Satanae
599 1813 651 1862 etc.
670 1824 698 1877 p.
717 1812 781 1861 490:
801 1807 951 1877 Scriptura
969 1816 1087 1861 testatur
1099 1808 1236 1860 bominem
1254 1807 1284 1859 in
1310 1823 1361 1878 per
1382 1816 1526 1878 peccatum
1552 1815 1627 1864 recte
1651 1809 1753 1864 dicitur
1776 1815 1916 1880 corrupta,
1946 1825 1979 1863 ex
1996 1826 2029 1865 eo
2048 1816 2144 1867 autem

455 1912 555 1948 nouum
570 1894 695 1956 formam
713 1893 867 1961 conditum,
892 1902 923 1946 ul
947 1894 973 1946 si
988 1894 1044 1946 sibi
1065 1893 1156 1947 Satan
1174 1911 1206 1946 ec
1224 1893 1284 1946 illis
1309 1911 1365 1948 non
1386 1893 1517 1964 sequitur,
1536 1893 1611 1966 quod
1630 1894 1666 1948 111
1685 1895 1714 1948 in
1733 1894 1815 1949 aliam
1826 1895 2011 1951 substantiam
2025 1901 2144 1951 mutata.

413 2012 417 2019 -
448 1981 657 2049 pulcherrimae
689 1981 788 2033 domnis
823 1982 973 2034 ruderibus
1007 1998 1107 2033 stonum
1143 1982 1284 2049 quoddam
1310 1979 1406 2051 Imago
1424 1980 1478 2035 Dei
1496 1979 1551 2034 fuit
1567 1980 1596 2034 in
1613 1980 1722 2036 bomine
1745 1980 1901 2036 substantia
1918 1981 1992 2051 ipsa,
2018 1981 2072 2038 hoc
2089 1989 2144 2052 est,

454 2067 696 2134 tristissimamque
722 2067 881 2136 aedificium
907 2066 1086 2119 condidisset.
1122 2065 1200 2120 Haec
1223 2065 1285 2119 Fla·
1309 2065 1463 2120 essentialis
1484 2065 1621 2136 quaedam
1642 2065 1779 2121 humanae
1804 2067 1975 2124 substantiae
1997 2068 2143 2138 perfectio.

453 2154 521 2222 cius,
543 2153 644 2224 quibus
662 2152 763 2206 similia
779 2152 862 2223 plura
879 2152 1056 2207 inveniuntur
1074 2153 1103 2207 in
1120 2153 1181 2207 aliis
1199 2152 1285 2222 ipsius
1310 2151 1344 2206 In
1367 2151 1459 2207 verbis
1485 2150 1647 2220 Chemnicii,
1672 2170 1744 2224 quae
1763 2153 1949 2208 Bellarminus
1972 2155 2087 2210 adducit
2107 2173 2142 2211 ex

453 2238 580 2308 seriptis,
606 2239 770 2308 praesertim
796 2254 861 2293 vero
887 2238 917 2292 in
942 2238 1220 2293 demonstrationibus
1249 2238 1285 2293 de
1310 2236 1420 2292 concilii
1435 2236 1591 2292 Tridentini
1611 2239 1744 2304 examine,
1762 2239 1938 2294 manifestum
1958 2247 2000 2295 cst
2018 2247 2142 2297 erratum

454 2325 575 2380 essentia
594 2323 722 2394 imaginis
741 2322 796 2377 Dei
813 2329 842 2377 et
859 2324 971 2393 diaboli,
989 2324 1017 2378 in
1031 2325 1285 2380 defensionesanae
1310 2323 1557 2394 typographicam
1591 2324 1706 2379 rationis
1741 2340 1794 2379 vor
1827 2324 1992 2395 corrigenda
2018 2332 2063 2381 est
2090 2345 2143 2398 per

455 2411 597 2466 ducturae
614 2412 649 2465 de
663 2409 774 2479 justitia
791 2425 825 2464 ac
843 2409 980 2479 injustitia
998 2409 1127 2482 originali
1144 2410 1219 2464 edita
1229 2410 1285 2466 Ba·
1311 2408 1461 2479 actionem,
1488 2410 1563 2482 quod
1593 2410 1775 2465 Bellarminus
1805 2427 1861 2464 non
1887 2412 1978 2481 potuit
2004 2412 2143 2483 ignorare,

456 2498 539 2552 sileae
558 2513 631 2550 anuo
650 2502 690 2551 70.
710 2495 739 2549 in
757 2494 820 2549 libr.
840 2494 929 2551 Nosce
949 2503 977 2550 tc
996 2497 1086 2566 ipsum
1104 2504 1155 2551 etc.
1311 2512 1375 2549 cum
1387 2494 1443 2549 sint
1454 2512 1487 2549 ex
1500 2496 1658 2567 Augustino
1670 2495 1756 2552 verba
1772 2496 1822 2550 illa
1838 2496 1966 2552 adducta
2002 2500 2144 2553 1111111·

327 2588 445 2653 anona
491 2589 532 2640 91.
570 2583 728 2652 Antequam
747 2598 866 2636 errorem
878 2580 952 2636 huuc
969 2583 1155 2654 profligemus,
1173 2599 1285 2653 respon·
1311 2581 1378 2652 rani
1393 2589 1526 2650 datumst,
1538 2590 1685 2652 peccatum
1703 2583 1822 2651 originis
1839 2600 1897 2638 esse
1910 2584 2063 2652 positivam
2075 2603 2144 2654 qaa-

328 2643 405 2732 ibttll
456 2670 578 2724 dentum
594 2668 672 2739 prius
698 2667 844 2722 suumne
861 2668 1037 2738 assumat,
1064 2669 1112 2741 qui
1129 2669 1165 2723 1).
1182 2668 1285 2723 Lune—
1312 2667 1426 2721 sturm.
1461 2666 1541 2736 erqo
1559 2678 1623 2722 aas
1641 2669 1813 2723 Massiuae.
1848 2669 2145 2740 superonustus

328 2753 429 2846 {mm
456 2774 517 2810 rum
536 2761 564 2810 et
580 2771 688 2824 omnes,
716 2755 764 2826 qui
782 2755 873 2826 ipsum
890 2762 1056 2827 sequuntur,
1083 2757 1144 2827 ejus
1160 2773 1221 2811 reos
1238 2772 1285 2826 pe·
1312 2769 1377 2807 vero
1397 2751 1582 2807 calumniatur
1599 2753 1795 2821 Bellarminus,
1815 2771 1904 2826 neque
1924 2756 1999 2811 enim
2017 2757 2145 2822 dicimus,

455 2859 554 2914 regere
582 2860 638 2896 non
664 2840 803 2896 dubitavit
830 2840 901 2897 libro
931 2850 956 2899 5.
984 2843 1019 2898 de
1044 2847 1108 2897 stat
1129 2848 1233 2914 peccat.
1260 2849 1287 2898 et
1312 2844 1455 2908 peccatum
1473 2839 1587 2910 originis
1608 2857 1667 2895 esse
1684 2836 1888 2895 atrocioronir
1904 2862 1937 2910 τι,
1956 2842 2000 2898 rel
2012 2844 2145 2899 accidens

457 2930 548 2985 amiso.
574 2935 645 3000 grat
674 2928 766 3000 eapite
794 2935 816 2984 1.
845 2935 873 2983 et
898 2945 955 3000 seq.
995 2928 1174 3001 Argumentis
1200 2928 1287 2985 utitm
1313 2924 1453 2994 quoddam
1477 2933 1592 2980 naturae
1613 2932 1799 2994 concreatum,
1825 2927 1874 2982 sed
1894 2943 2007 2998 pmvam
2026 2929 2145 2985 inclina·

455 3016 545 3072 hisce:
568 3021 590 3070 1.
608 3014 746 3070 Lutherus
764 3031 848 3085 super
866 3021 889 3070 3.
904 3014 1005 3071 Genea.
1018 3016 1123 3085 statuit,
1138 3025 1286 3086 peecatum
1313 3009 1414 3064 tionem
1441 3017 1469 3066 et
1495 3011 1581 3065 totius
1602 3017 1719 3065 naturae
1747 3012 1961 3083 corruptionem,
1990 3031 2071 3069 sensu
2099 3033 2145 3084 eo,

354 3111 357 3119 '
457 3120 515 3157 esse
534 3104 569 3157 de
589 3102 708 3156 essentia
722 3102 849 3165 bominis,
869 3101 1012 3156 inPsalm.
1031 3108 1071 3158 50.
1086 3102 1162 3169 dicit,
1179 3103 1286 3164 foetum
1313 3113 1394 3167 quem
1412 3097 1537 3168 superius
1556 3097 1612 3154 late
1630 3098 1812 3169 exposuimus.
1847 3099 1933 3171 Quid,
1954 3117 1990 3156 an
2007 3119 2062 3158 non
2080 3103 2145 3174 ipse

456 3190 486 3242 in
515 3196 594 3242 atero
615 3194 764 3256 peccatam
791 3204 857 3244 esse.
903 3187 1124 3258 Respondemus:
1153 3186 1287 3257 Disputat
1314 3182 1497 3237 Bellarminus
1519 3183 1567 3237 lib·
1591 3190 1614 3239 5.
1640 3184 1675 3239 de
1698 3190 1760 3239 slat.
1784 3201 1861 3255 pecc.
1887 3203 1911 3244 c.
1938 3193 1979 3244 ts.
2003 3188 2056 3245 eol.
2080 3195 2144 3247 111.

457 3290 490 3331 eo
508 3274 570 3330 loco
588 3272 729 3328 Lutherus
749 3279 847 3328 contra
864 3272 1062 3341 scholasticos,
1083 3274 1131 3345 qui
1147 3273 1285 3344 justitiam
1313 3269 1439 3339 agnoseit
1456 3268 1582 3324 habitum
1595 3270 1733 3342 quendam
1747 3271 1883 3341 vitiosum,
1902 3273 1951 3345 qui
1968 3274 2004 3328 sit
2023 3275 2144 3347 qualitas

457 3360 619 3432 originalem
645 3365 772 3415 statuunt
793 3349 848 3415 non
871 3360 958 3417 111111
976 3360 1151 3415 intrinsecam
1170 3366 1286 3415 naturae
1313 3355 1437 3425 positiva,
1455 3374 1521 3411 num
1538 3364 1686 3428 propterea
1701 3358 1823 3430 patietur
1843 3358 2000 3417 Manichaei
2016 3361 2144 3419 1111111111

347 3460 442 3503 11111.
457 3448 629 3520 qualitatem,
646 3446 696 3502 sed
709 3445 811 3501 donum
822 3446 941 3502 11111111
955 3446 1178 3517 superadditum
1191 3455 1287 3502 1111111
1312 3439 1366 3497 albi
1382 3442 1488 3496 tribui?

456 3534 506 3589 hos
523 3532 684 3603 pronuntiat
702 3531 855 3603 Lutherus,
877 3532 1016 3603 justitiam
1038 3532 1198 3605 originalem
1221 3539 1286 3589 ante
1348 3533 1389 3584 91.
1424 3528 1653 3584 Enumerabimus
1671 3529 1791 3585 breviter
1808 3534 2075 3602 argumentaFlacio
2095 3552 2143 3607 op·
2156 3555 2190 3595 ss

456 3621 564 3691 lapsum
590 3624 618 3674 et
642 3624 788 3690 peccatum
812 3618 926 3691 originis
950 3626 1014 3689 post
1035 3618 1144 3690 lapsum
1167 3636 1228 3675 esse
1251 3620 1286 3674 de
1313 3614 1455 3685 ponenda:
1487 3621 1509 3672 1.
1535 3614 1677 3686 Scriptura
1704 3621 1849 3688 peccatam
1878 3618 1993 3690 originis
2020 3620 2056 3676 ab
2081 3622 2143 3693 ipso
2155 3610 2190 3707 ἕξ

456 3705 577 3762 essentia
593 3703 719 3773 hominis,
737 3704 790 3760 hoc
807 3711 857 3772 eat,
873 3704 1010 3775 justitiam
1021 3704 1185 3776 originalem
1200 3704 1286 3761 111111
1312 3700 1421 3756 homine
1438 3700 1591 3773 distmguit,
1622 3702 1688 3757 dum
1712 3710 1794 3758 vocat
1820 3704 1907 3758 κακὸν
1937 3714 2143 3780 παρακείμενον
2154 3719 2190 3800 ¹⁸¹¹

455 3791 540 3847 totius
565 3790 703 3845 humanas
727 3796 843 3845 naturae
867 3790 1067 3861 integritatem,
1093 3797 1121 3846 et
1139 3797 1285 3862 peccatum
1311 3786 1391 3843 Rom.
1412 3794 1436 3855 1,
1452 3804 1477 3840 1.
1499 3793 1539 3843 21.
1557 3786 1697 3858 ineptias
1713 3788 1909 3863 εὐπερίστατον
1926 3789 2012 3847 Hebr.
2027 3798 2067 3860 12,
2079 3812 2105 3850 v.
2120 3801 2142 3851 1.
2154 3771 2190 3852 ii

456 3875 571 3949 originis
596 3892 656 3930 essa
678 3875 805 3944 ejusdem
829 3875 1028 3946 penitissimam
1051 3882 1135 3947 atque
1160 3877 1285 3932 intrinse-
1313 3877 1359 3925 aul
1378 3874 1541 3927 ἐνοικοῦσαν
1559 3873 1637 3928 Rom.
1657 3881 1681 3943 l,
1699 3893 1724 3931 v.
1745 3880 1784 3930 lt.
1819 3876 1960 3947 Propheta
1976 3878 2069 3950 regius
2081 3896 2142 3936 sese
2153 3865 2190 3955 ἔξ

457 3977 518 4016 cam
538 3959 754 4031 corruptionem,
775 3977 832 4015 non
852 3960 957 4015 nudam
982 3962 1047 4016 doni
1065 3961 1209 4018 extrinseci
1226 3979 1285 4017 cor·
1312 3959 1342 4014 in
1369 3960 1490 4028 peccatis
1513 3965 1677 4030 conceptum
1699 3961 1860 4031 pronuntiat
1882 3962 1985 4018 Psalm.
2004 3970 2051 4035 51,
2074 3982 2099 4019 1.
2117 3971 2141 4034 1,

456 4045 622 4117 ruptionem.
657 4045 765 4101 Eodem
783 4062 866 4101 sensu
883 4052 971 4100 totum
986 4046 1122 4102 homiuem
1140 4054 1285 4118 peccatum
1312 4045 1386 4099 idem
1405 4044 1488 4115 petit,
1514 4051 1545 4099 ut
1562 4052 1740 4116 peccatorum
1757 4045 1834 4101 Deus
1854 4047 1992 4114 oblivisci,
2016 4049 2060 4106 sui
2076 4065 2142 4107 reto

456 4136 551 4199 vocat,
575 4130 628 4185 hoc
647 4137 702 4198 est,
725 4136 840 4201 peccato
862 4137 1021 4202 corruptum
1040 4140 1068 4187 et
1091 4132 1286 4203 deprevatum
1313 4129 1467 4198 meminisse
1489 4131 1556 4185 velit
1574 4131 1677 4189 Psalm.
1696 4137 1744 4201 25,
1767 4149 1793 4187 v.
1813 4139 1837 4189 l.
1871 4134 2023 4205 Apostolus
2047 4135 2143 4192 itidem

457 4235 540 4289 quam
567 4216 731 4273 sententiam
757 4232 835 4271 suam
861 4218 891 4270 in
919 4217 974 4271 11111
1004 4217 1072 4289 ipsis
1096 4218 1192 4274 aliisve
1217 4220 1287 4275 locis
1314 4216 1384 4270 inter
1411 4233 1490 4271 suam
1515 4233 1660 4288 personam
1690 4225 1718 4275 et
1740 4225 1885 4289 peccatum
1911 4219 1940 4275 in
1960 4238 1990 4276 so
2013 4221 2142 4277 habitans

457 4305 560 4359 diserte
577 4303 705 4374 exposuit
720 4303 826 4359 Ductor
844 4302 991 4359 Lutherus.
1026 4304 1071 4360 Sic
1096 4305 1168 4360 enim
1190 4305 1287 4361 scribit
1313 4302 1421 4373 sibique
1434 4304 1565 4374 adjacens
1577 4311 1705 4360 11111111
1718 4305 1862 4377 distinguit
1874 4306 1952 4361 Rom.
1963 4314 1986 4362 7.
2012 4313 2035 4362 1.
2045 4308 2143 4381 imago

457 4389 486 4442 in
512 4408 536 4443 1.
563 4395 587 4445 1.
615 4388 732 4446 Genea:
763 4389 934 4459 spirituales
963 4389 1087 4443 homines
1115 4392 1287 4460 distinguere
1313 4387 1368 4443 Dei
1386 4387 1415 4442 in
1434 4390 1523 4459 primo
1540 4389 1649 4445 homine
1666 4408 1723 4446 non
1739 4390 1794 4447 fuit
1810 4392 1872 4462 ipsa
1885 4392 2002 4447 hominis
2016 4393 2143 4449 substan·

459 4476 556 4528 debere
590 4475 662 4529 inter
692 4485 840 4545 peccatum
876 4477 1016 4544 oriqinale
1051 4485 1077 4531 et
1119 4486 1285 4533 meatorum.
1315 4472 1369 4543 tia,
1388 4475 1437 4529 sed
1454 4474 1633 4530 accidentalis
1651 4477 1786 4547 quaedam
1804 4476 1951 4547 perfectio,
1967 4486 1999 4532 ut
2015 4496 2065 4534 suo
2083 4481 2143 4536 loco

458 4560 486 4614 in
505 4578 529 4613 c.
548 4559 682 4631 vigesimo
706 4560 802 4632 quinto
823 4560 906 4617 Gen:
931 4563 1099 4615 Necessario
1124 4561 1221 4626 irritu
1239 4581 1288 4618 seu
1304 4560 1491 4615 *ostendimus
1527 4561 1602 4633 Ergo
1620 4563 1703 4617 etiam
1720 4570 1864 4633 peceatum
1882 4563 2004 4635 originis,
2022 4565 2098 4635 quod
2114 4567 2144 4621 in

458 4647 627 4712 deformitas
646 4647 831 4701 discemenda
845 4665 864 4700 a
883 4656 1023 4701 crootmo.
1053 4649 1087 4702 In
1105 4648 1287 4719 explicatione
1314 4644 1404 4699 locum
1427 4646 1555 4720 imaginis
1581 4648 1691 4705 divinae
1712 4648 1859 4718 successit,
1883 4667 1939 4705 non
1957 4653 2142 4707 1111111111-

456 4732 557 4788 Psalm.
588 4737 630 4787 90.
659 4732 747 4786 utitur
772 4750 840 4788 vocs
867 4732 1019 4788 accidentis
1046 4734 1075 4788 in
1104 4735 1288 4806 descriptione
1313 4731 1360 4800 tia,
1378 4733 1428 4787 sed
1446 4742 1568 4790 extrema
1586 4734 1757 4790 substantiae
1773 4735 1920 4804 corruptio.
1956 4741 1979 4791 3.
1993 4737 2142 4793 Peccatum

456 4818 599 4891 originalis
631 4819 747 4889 peccati.
794 4824 818 4874 2.
845 4819 1003 4891 Wigandus
1037 4822 1066 4876 in
1095 4817 1286 4892 propositioni·
1313 4818 1426 4890 originis
1444 4838 1500 4875 non
1522 4826 1565 4875 est
1585 4837 1603 4875 a
1620 4821 1695 4888 Deo,
1722 4820 1771 4876 sed
1789 4836 1807 4875 a
1825 4819 1929 4875 Satara
1948 4827 1976 4876 et
1992 4839 2080 4891 prava
2096 4823 2143 4880 ho
2187 4842 2190 4863 ⁴

456 4906 508 4962 bus
533 4906 568 4961 de
590 4912 704 4976 peccato
728 4905 842 4976 originis
865 4923 943 4977 prop.
973 4914 1033 4964 119:
1057 4918 1204 4978 peccatum
1230 4911 1286 4963 ori·
1312 4907 1393 4960 minis
1414 4906 1564 4961 voluntate.
1600 4907 1665 4962 bam
1687 4923 1752 4961 vero
1777 4906 1864 4960 omnis
1890 4906 2046 4964 substantia
2066 4916 2108 4965 est
2126 4929 2144 4965 a

456 4993 531 5062 pinis
557 4991 625 5047 dicit
648 5008 707 5059 ttae
730 5009 789 5045 rem
811 5009 890 5045 reum
915 5001 941 5045 et
964 5012 1016 5047 suo
1041 5003 1144 5049 notura
1170 4996 1287 5063 dignam
1311 4992 1373 5047 Deo
1388 4998 1518 5047 creatore.
1555 5000 1579 5049 1.
1602 4992 1693 5048 Series
1711 4991 1890 5046 articulorum
1903 4992 1968 5047 fidei
1981 4994 2143 5065 praecipuo

457 5086 572 5131 aeterna
589 5086 675 5134 morte
695 5085 721 5131 et
739 5080 902 5132 damnatam
919 5097 937 5132 o
955 5068 1032 5147 De'o,
1059 5068 1118 5134 nisi
1134 5098 1190 5151 per
1207 5081 1286 5136 Obri-
1311 5096 1373 5132 rum
1390 5079 1419 5132 id
1436 5079 1526 5149 ipsum
1545 5078 1714 5149 comprobat.
1748 5077 1825 5133 Deus
1843 5078 1933 5148 ipsam
1946 5081 2081 5151 cujusque
2095 5081 2143 5135 ho-

456 5172 528 5217 stum
545 5166 671 5218 11111εεί1
689 5167 747 5231 fiat.
772 5182 849 5237 prop.
869 5171 993 5235 123.·per
1006 5174 1151 5235 peccatum
1168 5169 1287 5237 oripinis
1313 5164 1393 5218 minis
1419 5170 1547 5219 naturam
1566 5166 1649 5226 etiam
1666 5172 1730 5235 post
1748 5165 1856 5235 lapsum
1878 5169 1954 5220 creat
1973 5172 2000 5221 et
2017 5166 2046 5220 iu
2065 5175 2143 5223 utero

456 5258 542 5302 totum
569 5250 689 5305 bominis
715 5252 897 5307 adstantium
922 5269 980 5306 csse
1007 5261 1169 5322 corruptum
1193 5264 1218 5308 et
1239 5258 1286 5308 de·
1311 5251 1426 5318 format,
1451 5250 1581 5320 Job.1o‚
1604 5270 1630 5308 1.
1649 5257 1672 5307 8.
1701 5257 1730 5308 11
1754 5251 1820 5307 alibi
1846 5251 1957 5322 passim.
1993 5252 2145 5308 Peccatum

453 5342 615 5404 provatum.
651 5335 804 5393 Heshusius
826 5338 855 5393 in
879 5338 926 5393 lib.
945 5337 980 5393 do
997 5345 1102 5408 peccat.
1124 5339 1190 5411 orig.
1210 5340 1286 5408 dicit,
1313 5354 1377 5392 vero
1395 5353 1449 5391 non
1467 5343 1542 5392 creat
1561 5354 1612 5392 nec
1629 5337 1738 5395 format.
1773 5338 1859 5393 Filius
1878 5336 1932 5392 Dei
1951 5339 2143 5396 1111111111-

460 5422 608 5488 insapinem
621 5423 682 5476 Dei
698 5423 728 5476 in
744 5424 852 5478 bomine
871 5426 962 5490 fuisse
973 5426 1088 5480 1111111.
1112 5424 1287 5481 Obemnicius
1313 5441 1372 5478 ram
1395 5423 1544 5479 humanam
1566 5429 1693 5479 naturam
1716 5424 1808 5479 anima
1829 5431 1857 5478 et
1883 5439 1997 5494 corpore
2016 5434 2144 5480 constan-

458 5509 487 5563 in
502 5506 612 5563 Resolv.
632 5507 667 5563 de
684 5516 788 5578 peccat
806 5511 873 5583 orig.
895 5510 972 5579 dicit,
989 5519 1076 5565 totam
1093 5514 1286 5567 massemani-
1314 5517 1383 5579 tem,
1410 5511 1491 5580 juxta
1518 5527 1602 5581 quam
1628 5516 1670 5565 est
1697 5510 1777 5566 nobis
1809 5509 1969 5578 ὀμοούσιος,
1998 5518 2145 5581 peccatum
2157 5523 2190 5563 11.

458 5613 518 5649 1111
544 5601 705 5665 corruptam
726 5611 784 5649 este
806 5614 913 5650 samma
935 5606 1018 5669 atque
1042 5606 1162 5652 extremo
1186 5600 1288 5669 depro-
1314 5603 1407 5652 autem
1436 5615 1490 5651 non
1517 5595 1661 5666 assumsit3
1690 5605 1730 5651 est
1753 5598 1854 5650 similis
1876 5596 1955 5651 rsobis
1977 5614 2032 5667 per
2050 5602 2146 5662 omnio
2157 5574 2190 5615 ω

457 5682 575 5736 satione.
603 5679 637 5735 Iu
656 5696 742 5735 11111.
761 5697 838 5738 conc.
858 5683 960 5749 scribit,
977 5691 1125 5754 peccatum
1143 5686 1288 5754 mesquit-
1315 5691 1425 5754 excepto
1448 5691 1563 5752 peccato
1590 5681 1676 5738 Hebr.
1700 5689 1730 5752 1,
1755 5701 1780 5737 v.
1807 5688 1847 5739 15.
1884 5681 2009 5738 Christus
2028 5686 2147 5741 redemit
