5017 6675
491 707 531 764 qq
986 737 989 741 .
1169 693 1292 751 LOCUS
1311 691 1499 752 SEPTIMUS

490 851 533 906 ita
548 849 689 906 tribuetur
705 850 766 907 Deo
785 851 906 922 pessima
924 850 1093 922 hypocrisis,
1113 850 1193 922 quasi
1210 849 1325 921 promis·
1353 850 1503 903 9997799719
1522 850 1658 918 sopimus,
1681 855 1714 902 ut
1733 848 1815 916 19997
1835 848 1921 902 aliter
1941 847 1975 900 de
1992 848 2079 902 eorda
2097 848 2193 919 ipsius

489 936 614 992 sionibus
640 937 844 1008 benignissimis
870 942 988 991 testetur
1014 955 1043 992 se
1070 936 1227 993 hominibus
1252 935 1325 990 bene
1351 936 1491 989 miseratio
1521 952 1606 1004 99997
1630 935 1841 989 animaduersio
1863 935 2021 1003 procedere
2047 935 2190 991 91979797.

489 1023 702 1096 7919197919
719 1028 812 1078 799799
830 1023 939 1077 9799179
957 1022 1211 1094 1111779919999197.
1242 1020 1326 1075 Absit
1349 1020 1427 1075 Idem
1452 1037 1533 1078 serm.
1560 1028 1581 1078 l.
1606 1021 1635 1075 19
1658 1020 1845 1091 9971711997
1874 1021 2001 1074 omnibus
2027 1023 2147 1090 offertur
2163 1029 2193 1076 et

489 1109 543 1165 hos
567 1127 586 1164 a
604 1109 705 1164 Sancto
723 1109 844 1164 Isrsiilis.
882 1110 1043 1181 Loquemur
1067 1117 1095 1167 et
1119 1110 1270 1165 sentiamus
1289 1107 1325 1162 de
1349 1108 1379 1161 in
1398 1108 1536 1161 communi
1551 1108 1649 1176 posita
1667 1115 1706 1160 est
1720 1107 1778 1160 Dei
1791 1105 1999 1179 971977199νά19,
2016 1123 2095 1160 nemo
2108 1108 2192 1162 etms

489 1196 559 1264 Deo,
579 1201 661 1267 prout
680 1212 711 1250 se
728 1194 864 1250 inVerbo
882 1196 1027 1252 revelarit:
1044 1213 1105 1251 esse
1121 1195 1224 1250 inDco
1242 1194 1325 1248 aliam
1349 1209 1447 1262 expers
1470 1201 1530 1261 est,
1549 1193 1607 1246 nisi
1628 1193 1678 1262 qui
1694 1192 1794 1246 renuit.
1829 1189 1947 1246 Gersou.
1965 1191 2012 1247 lib.
2030 1192 2067 1248 de
2086 1193 2192 1248 797991.

490 1281 628 1336 oosultam
650 1281 821 1337 voluntatem
839 1282 979 1338 revelatae
997 1282 1026 1338 iu
1044 1283 1129 1338 verbo
1147 1280 1322 1347 eontrarium,
1348 1279 1595 1349 coutrapusillan.:
1611 1278 1761 1333 Varhsima
1773 1284 1813 1331 eet
1826 1277 2018 1346 chrysostomi
2030 1279 2190 1333 sestertia.-

490 1368 608 1423 maxims
625 1367 716 1437 quoad
734 1368 831 1423 salutis
849 1375 960 1424 nostrae
981 1369 1138 1441 negotium,
1157 1384 1192 1422 ne
1212 1366 1324 1436 quidem
1351 1366 1430 1418 Deus
1448 1366 1531 1435 99997·
1547 1365 1633 1431 719177,
1651 1383 1713 1418 eum
1731 1364 1869 1418 hominem
1883 1380 1939 1434 per
1953 1381 2034 1418 suom
2043 1365 2191 1434 justitiam

491 1454 614 1525 cogitare
634 1453 781 1525 dchemns3
810 1455 947 1525 siquidem
973 1456 1002 1509 in
1021 1455 1113 1511 Verbo
1131 1453 1325 1507 annuntiatum
1350 1451 1488 1504 damnare
1509 1451 1589 1504 debet
1602 1458 1724 1520 propter
1742 1450 1863 1503 hominis
1882 1450 2062 1535 injustitiam,
2081 1466 2115 1504 79
2134 1468 2191 1520 quo

490 1540 571 1594 uobis
592 1557 671 1594 omne
690 1542 749 1594 Dei
765 1542 920 1607 7999117997,
940 1541 1046 1596 seilicet
1067 1541 1102 1596 de
1122 1539 1212 1594 salute
1232 1544 1326 1593 997799
1350 1537 1431 1590 homo
1454 1543 1494 1589 est
1517 1536 1615 1603 197999
1629 1537 1690 1590 Dei
1714 1543 1771 1590 tarn
1793 1536 1925 1590 nobiliter
1948 1544 2060 1590 9779797
2088 1545 2114 1591 77
2132 1544 2191 1591 7997

489 1625 585 1680 Actor.
605 1631 646 1694 29,
662 1642 687 1678 7.
707 1631 747 1681 27.
766 1630 794 1679 97
811 1626 983 1697 propositum
1002 1625 1232 1694 illummatio,
1251 1640 1324 1694 quae
1350 1622 1473 1692 pretiose
1491 1624 1638 1676 redemtus.

490 1714 562 1766 dots
586 1719 626 1764 est
650 1712 766 1765 nobs's‘
753 1731 784 1764 79
804 1711 917 1766 Christo
944 1721 1009 1766 onte
1028 1719 1156 1781 tempora
1172 1711 1324 1778 7779719919,
1386 1714 1427 1764 rt.
1462 1707 1565 1775 Qriin
1557 1725 1612 1763 uno
1632 1707 1690 1778 ipsi
1713 1707 1863 1764 9179979911
1888 1707 1932 1763 791
1957 1708 2037 1780 quasi
2061 1709 2190 1780 quando-
2203 1717 2258 1757 uest

490 1815 523 1853 eo
546 1814 620 1850 nune
645 1804 686 1849 est
702 1798 853 1865 patefacta
873 1814 929 1868 per
946 1798 1084 1851 1119977797
1101 1800 1250 1851 adventum
1268 1814 1325 1849 sen
1352 1809 1405 1863 que
1439 1792 1519 1847 obliti
1547 1798 1576 1848 et
1603 1793 1666 1849 luce
1693 1794 1819 1849 veritatis
1846 1794 1940 1849 oculos
1967 1794 2051 1849 971979
2077 1795 2190 1850 9199997
2203 1770 2258 1860 Ἦ

488 1884 595 1936 satoris
616 1882 714 1937 nostri.
750 1887 774 1937 2.
791 1882 861 1936 Tim
889 1889 917 1953 1,
943 1900 969 1936 v.
994 1889 1019 1938 9.
1043 1888 1072 1939 77
1095 1888 1142 1951 10,
1165 1898 1221 1954 999
1244 1883 1279 1937 19
1294 1899 1325 1937 re
1350 1879 1466 1934 feriente
1485 1878 1598 1934 excitati
1619 1878 1692 1934 idem
1712 1879 1821 1937 dooent.
1856 1879 1979 1953 Bulliug.
1999 1896 2084 1951 super
2105 1881 2189 1936 1.Τ1-
2203 1882 2258 1912 '⁸¹'

489 1967 570 2039 plura
588 1985 638 2022 799
656 1967 726 2023 1979.
1351 1965 1435 2020 moth.
1463 1970 1493 2022 t:
1522 1965 1582 2018 mh
1609 1966 1689 2020 Deus
1718 1982 1812 2020 omnes
1840 1967 1964 2021 homines
1993 1967 2089 2020 soloas
2111 1933 2258 2037 9771,ηιΙΙ

525 2060 566 2109 72.
599 2053 714 2109 Maneat
732 2054 848 2124 proinde
861 2053 971 2108 firmum
983 2053 1078 2124 fixum,
1096 2054 1163 2125 quia
1176 2054 1327 2124 Scriptura
1351 2052 1487 2105 neminem
1507 2051 1615 2109 extudit
1634 2069 1653 2104 9
1677 2052 1775 2107 solnta
1811 2050 1917 2123 Hyper,
1942 2051 1989 2107 lib.
2020 2059 2043 2108 1.
2065 2053 2189 2109 methodi

490 2140 602 2194 disertis
622 2141 727 2209 verbis,
748 2139 876 2193 61917799
894 2141 1042 2209 lacrymis,
1070 2142 1149 2194 Deus
1162 2142 1326 2210 juramento
1351 2155 1378 2208 p.
1397 2142 1460 2193 251:
1486 2139 1568 2191 Deus
1594 2137 1653 2190 uult
1676 2155 1771 2192 omnes
1794 2139 1917 2193 homines
1940 2138 2035 2192 salvos
2050 2140 2132 2208 fieri,
2157 2156 2191 2193 eu

490 2232 610 2283 testatur
626 2226 662 2281 19
671 2224 798 2281 benefica
811 2225 861 2279 illa
871 2225 1024 2292 voluntate,
1045 2243 1102 2296 qua
1115 2226 1326 2281 Deusomuium
1353 2223 1452 2293 quibus
1478 2230 1569 2276 tamen
1594 2225 1671 2293 quod
1692 2225 1776 2277 multi
1793 2233 1927 2296 pereunt,
1951 2227 2130 2294 perstantium
2151 2233 2191 2280 eet

491 2312 610 2366 sulutem
637 2311 710 2387 serio
734 2311 852 2380 expetit,
882 2312 947 2367 ideo
972 2312 1073 2367 salsum
1096 2329 1167 2381 ease,
1197 2313 1273 2384 quod
1293 2330 1326 2367 er
1352 2309 2189 2378 7777717999·979199171791999797,9919997197777199997.

492 2397 621 2452 absoluto
643 2392 711 2452 'odio
739 2397 873 2468 quosdam
899 2397 1063 2468 simpliciter
1087 2405 1216 2454 astemoe
1245 2398 1328 2454 morti
1351 2393 1625 2465 Robltolloesup.
1646 2396 2190 2468 811999917879917177977919779

491 2481 703 2552 adjudicaverit.
1351 2482 1547 2551 reproborum,
1570 2482 1638 2551 quia
1660 2482 1740 2536 sulus
1762 2483 1840 2536 inse
1858 2499 1904 2536 ree
1924 2484 1997 2537 bona
2014 2492 2069 2549 est,
2095 2501 2191 2566 semem

365 2560 479 2600 Μ’·
529 2574 570 2623 73.
605 2566 719 2622 Dehas
738 2567 792 2622 Dei
808 2569 931 2624 omnium
948 2570 1065 2625 salutem
1083 2570 1155 2626 aerio
1173 2570 1327 2641 expetentis
1353 2585 1409 2621 non
1436 2568 1561 2622 decernit
1587 2586 1663 2638 eom,
1688 2569 1744 2623 imo
1771 2585 1836 2624 sero
1863 2571 1990 2624 decernit
2014 2578 2131 2625 mortem
2155 2559 2190 2625 ao

364 2610 480 2702 ffi'ig‘
494 2653 683 2722 misericordis
699 2653 738 2708 its
756 2655 882 2710 scribunt
901 2663 1020 2712 veterem
1044 2656 1117 2712 Irem
1135 2657 1184 2712 lib.
1198 2663 1223 2712 t.
1240 2673 1264 2711 9.
1279 2661 1325 2711 767
1352 2655 1505 2720 neemiam
1543 2671 1654 2722 eorum,
1690 2656 1820 2710 uoluntas
1859 2656 1948 2725 iqitur
1986 2657 2072 2712 197199
2104 2665 2190 2727 patet

265 2774 267 2776 v
366 2713 503 2805 ξοιῃξῖῃ
493 2741 576 2794 Deus
602 2741 690 2808 misit,
717 2742 769 2810 qui
788 2750 920 2796 oooorent
943 2744 985 2795 ad
1004 2744 1137 2812 nuptius3
1164 2744 1214 2813 qui
1235 2751 1328 2797 997979
1354 2744 1472 2795 demeto.

365 2813 449 2907 222⁶*
493 2845 549 2880 non
585 2828 749 2881 obedierunt
778 2829 815 2895 ei,
848 2837 934 2882 semet
962 2830 1040 2899 ipsos
1064 2831 1219 2899 privarunt
1246 2830 1328 2898 reqio
1389 2833 1429 2881 75.
1470 2825 1559 2899 Atqui
1587 2826 1707 2892 (dicunt,
1734 2826 1783 2899 qui
1808 2827 1888 2882 nobis
1914 2827 2136 2897 contradicunt),
2163 2847 2191 2883 77
2185 2830 2233 2870 '¹⁸
2215 2841 2258 2921 urs·

493 2929 587 2969 79799.
631 2914 690 2966 Ν79
713 2914 785 2967 enim
809 2871 901 2967 lumen
926 2916 1019 2980 177917
1044 2923 1162 2985 propter
1193 2932 1252 2984 eos,
1279 2917 1328 2991 qui
1354 2913 1520 2967 Derssserio
1539 2913 1597 2966 uult
1617 2930 1711 2967 omnes
1729 2915 1823 2968 salvos
1834 2915 1909 2981 fieri,
1928 2887 2214 2969 omnesetiomsah
2204 2935 2258 2972 sne

492 3007 576 3052 semet
604 3000 683 3069 ipsos
713 3008 942 3069 excaecaverunt,
970 3002 1024 3054 sed
1051 3002 1104 3055 illo
1131 3010 1327 3072 perseverante
1353 3007 1503 3068 vorentur,·
1531 3000 1599 3068 quia
1629 3000 1738 3067 omnia,
1770 3016 1842 3068 quae
1870 3001 1957 3054 voluit
1986 3001 2081 3069 Deras,
2112 2984 2258 3068 fecum
2182 3036 2258 3075 ,mm

493 3086 577 3155 quale
597 3093 623 3139 et
641 3093 688 3152 est,
705 3087 848 3139 maseati
862 3104 917 3156 per
932 3104 1013 3140 99997
1029 3089 1170 3157 7919997·
1157 3106 1188 3141 79
1205 3088 1328 3156 calipius
1353 3085 1398 3139 Ps.
1419 3091 1476 3154 115,
1494 3103 1521 3138 7.
1542 3090 1572 3154 3,
1596 3086 1737 3139 voluntati
1753 3087 1816 3154 ejus
1834 3086 2040 3156 991777719717.1
2062 3086 2258 3178 1199993·

493 3171 700 3224 carminantur
727 3176 793 3235 979,
821 3190 884 3224 orem
916 3174 997 3242 opud
1023 3174 1116 3227 Deum
1149 3174 1243 3227 omnis
1271 3175 1329 3228 sint
1353 3189 1378 3225 v.
1399 3177 1437 3228 19.
1474 3171 1700 3242 Respondemus.
1727 3172 1870 3236 Quaedam
1887 3172 1965 3227 Deus
1981 3172 2044 3226 vult
2061 3173 2189 3229 absolute
2203 3191 2258 3230 999

493 3257 579 3322 1999,
606 3256 656 3324 qui
681 3272 714 3309 es
736 3274 790 3310 sua
814 3259 951 3311 sententis
969 3260 1084 3326 supimst
1110 3261 1219 3324 Deum,
1245 3268 1329 3314 779777
1354 3264 1383 3311 97
1411 3257 1587 3328 simpliciter3
1615 3258 1752 3358 quasdam
1774 3265 1851 3313 certa
1874 3258 2031 3314 conditione
2055 3275 2088 3313 99
2106 3259 2190 3314 certis

366 3349 405 3391 ιν.
419 3347 464 3391 tte
493 3342 570 3413 ipsos
589 3344 715 3396 omnibus
730 3345 873 3409 fraudant
893 3344 986 3412 199177
1008 3346 1144 3407 frauda&
1161 3355 1252 3401 autem
1272 3365 1327 3402 om·
1353 3344 1458 3401 mediis.
1504 3342 1609 3412 Oriqrsi
1636 3345 1718 3417 primi
1747 3346 1857 3417 generis
1883 3362 1946 3401 oum
1973 3346 2029 3399 sint
2051 3345 2190 3416 absolutum

493 3430 574 3482 97197
590 3445 660 3496 7799
671 3431 765 3483 Deum
783 3430 870 3498 bonis,
890 3438 1089 3499 consequenter
1106 3432 1137 3486 in
1150 3434 1209 3487 Dei
1217 3435 1328 3503 justum
1353 3448 1462 3501 semper
1485 3430 1571 3499 fiuut3
1593 3431 1627 3485 ds
1651 3431 1706 3485 illis
1730 3431 1895 3501 accipienda
1920 3436 1986 3486 sunt
2011 3432 2088 3486 dicta
2105 3437 2190 3489 99799

487 3515 631 3584 judicium
648 3510 869 3585 insiduntrqni
885 3516 958 3570 enim
969 3518 1090 3585 sopiunt
1107 3520 1327 3589 requiem,juste
1353 3518 1482 3589 allegata.
1522 3517 1626 3585 8719ιὰ
1652 3518 1766 3573 secundi
1795 3518 1915 3589 generis,
1941 3534 2006 3572 oum
2033 3518 2090 3573 aiut
2112 3526 2191 3575 certa

493 3603 523 3655 in
545 3619 641 3672 poena
667 3604 917 3671 conversabuntur,
944 3611 971 3656 et
998 3603 1049 3673 qui
1066 3604 1203 3672 superum
1226 3605 1328 3674 lumen,
1353 3604 1512 3660 conditione
1537 3604 1672 3658 ec'certia
1689 3603 1786 3658 mediis
1805 3603 2027 3675 circumscripta,
2052 3604 2116 3659 ideo
2132 3622 2190 3660 nou

486 3689 565 3755 juste
588 3688 783 3742 inhabitabunt
802 3691 937 3743 tenebras.
977 3690 1217 3751 Quemadmodum
1235 3700 1328 3746 autem
1353 3691 1408 3746 nisi
1439 3690 1531 3762 posits
1556 3690 1606 3745 illa
1633 3690 1791 3746 conditione
1818 3706 1851 3745 99
1879 3691 1977 3762 positis
2006 3690 2061 3745 illis
2089 3690 2189 3746 mediis

492 3775 522 3827 in
540 3775 591 3827 hoe
610 3776 759 3844 temporali
773 3776 877 3829 lumine
894 3776 945 3845 qui
957 3777 1074 3844 fuqiunt
1094 3777 1185 3846 illud,
1203 3771 1281 3848 19997
1298 3796 1328 3832 97
1355 3776 1492 3833 eveniunt.
1527 3776 1598 3832 Vult
1608 3777 1686 3832 Deus
1707 3782 1736 3831 et
1753 3776 1823 3831 serio
1840 3776 1901 3831 vult
1917 3776 2070 3847 peccatoria
2087 3765 2191 3847 vitam;

495 3861 614 3914 teneberis
630 3862 799 3930 mancipant,
818 3863 860 3915 ito
876 3870 905 3915 ut
920 3864 978 3931 ipsi
988 3862 1043 3916 sibi
1056 3866 1234 3932 cessaſsent,
1252 3867 1331 3934 quod
1354 3863 1402 3918 sed
1425 3870 1519 3917 tamen
1542 3863 1603 3918 vult
1628 3862 1709 3917 etism
1734 3862 1887 3933 peccatoris
1909 3862 2116 3917 conversionem
2139 3880 2191 3933 per

495 3944 686 4000 demituuntur
704 3964 723 3999 a
741 3947 844 4001 lumine
862 3955 887 4000 77
906 3948 1064 4001 inhabitant
1084 3950 1220 4018 tenebras,
1238 3958 1328 4004 etnon
1355 3949 1488 4019 Spiritum
1512 3966 1533 4002 7.
1562 3954 1590 4003 97
1617 3948 1744 4016 verbum;
1771 3948 1847 4018 quod
1872 3948 1896 4002 si
1918 3955 2050 4020 peccator
2071 3949 2191 4004 verbum

494 4030 586 4084 iumen
623 4040 664 4085 est
701 4049 789 4085 79999
827 4033 991 4100 hujusmodi
1020 4035 1257 4088 conversationis:
1287 4037 1328 4089 sie
1354 4036 1423 4090 illud
1450 4034 1568 4105 repellet
1592 4039 1619 4088 et
1645 4034 1758 4105 spiritui
1775 4051 1796 4087 7.
1823 4034 1934 4089 resistet
1957 4040 2042 4108 97999
2067 4035 2107 4089 ita
2132 4051 2191 4089 nou

493 4125 636 4171 9777799777
652 4119 714 4172 Dei
732 4118 782 4187 qui
791 4119 912 4186 fupiunt
930 4120 1038 4183 lumen,
1063 4123 1141 4188 quod
1159 4122 1279 4175 continet
1298 4122 1327 4175 in
1354 4128 1537 4190 convertatur,
1557 4119 1618 4174 vult
1637 4119 1791 4189 peccatoris
1807 4120 1913 4189 justam
1932 4120 2144 4176 damnationem.

492 4221 523 4258 se
545 4204 639 4258 omnia
664 4205 750 4268 1999,
776 4206 834 4273 ipsi
859 4206 915 4258 sibi
936 4223 1023 4258 causo
1047 4214 1123 4272 sunt,
1149 4215 1179 4260 97
1199 4216 1329 4261 aeternas
1367 4214 1429 4264 76.
1465 4208 1543 4262 Η999
1566 4205 1619 4260 7111
1644 4205 1762 4261 invicem
1785 4223 1841 4261 999
1861 4213 1926 4261 sunt
1945 4207 2097 4276 eontraris;
2122 4207 2192 4279 9919

492 4289 646 4344 inhabitent
665 4292 808 4361 tenebras,
836 4292 963 4345 destituti
980 4292 1105 4345 omnibus
1123 4294 1202 4346 19979
1219 4295 1328 4347 sibimet
1353 4294 1431 4348 Deus
1457 4311 1512 4348 non
1535 4292 1623 4346 solum
1649 4292 1802 4346 misericors
1828 4298 1883 4357 est,
1907 4294 1957 4350 sed
1980 4293 2063 4347 etiam
2086 4295 2190 4365 justus.

493 4377 551 4446 ipsi
566 4395 652 4430 causa
669 4379 833 4447 hujusmodi
849 4378 1029 4431 habitationis
1040 4380 1127 4441 facti.
1160 4379 1288 4434 Ambros.
1303 4386 1327 4434 2.
1353 4379 1430 4434 Deus
1449 4379 1486 4433 ab
1504 4379 1579 4433 omui
1597 4377 1763 4433 aeternitate
1781 4377 1890 4447 lapsum
1904 4378 2138 4449 protoplastorum
2156 4397 2191 4434 99

381 4486 389 4500 ·
494 4462 528 4516 19
552 4468 642 4518 vocat.
664 4468 738 4534 gent.
760 4479 785 4520 c.
809 4470 831 4520 1.
849 4464 1000 4533 internis,
1019 4463 1121 4534 quibus
1140 4465 1169 4519 iu
1187 4466 1328 4536 proposita
1353 4466 1437 4523 totius
1467 4464 1576 4535 generis
1602 4463 1714 4517 humani
1741 4463 1924 4534 perditionem
1949 4481 2012 4520 eum
2034 4464 2191 4521 insecutam

493 4547 654 4619 quaestione
678 4548 780 4603 debeat
805 4548 954 4618 inhaereri,
993 4549 1081 4621 primo
1106 4550 1168 4605 loco
1191 4558 1328 4620 numerat,
1353 4550 1518 4622 praevidens
1545 4550 1666 4604 omnium
1693 4550 1835 4604 hominum
1860 4550 1930 4605 serio
1949 4550 2078 4606 misertus
2100 4557 2143 4607 est
2163 4558 2192 4607 et

495 4636 586 4689 Deum
606 4633 677 4687 uelle
700 4651 794 4687 omnes
809 4635 903 4689 salvos
913 4636 989 4705 fieri
1007 4653 1031 4690 9
1050 4642 1078 4692 8:
1101 4638 1157 4691 sive
1176 4638 1327 4692 9997171979
1352 4637 1405 4691 hac
1434 4636 1622 4691 misericordie
1650 4641 1740 4690 motus
1765 4636 1833 4692 fecit
1857 4637 1999 4691 decretum
2024 4637 2059 4691 de
2083 4636 2191 4692 instau-

493 4720 711 4790 contemplemur
729 4721 838 4790 serula,
856 4738 905 4775 seu
919 4722 1017 4791 prima
1033 4723 1091 4775 eise
1110 4724 1215 4792 modia,
1239 4724 1328 4777 ratio·
1353 4725 1458 4779 ratione
1481 4722 1589 4816 generis
1613 4721 1735 4777 humani
1748 4740 1798 4794 per
1816 4723 1918 4778 Filium
1944 4730 1972 4778 et
1997 4739 2047 4795 per
2071 4722 2190 4778 verbum

491 4807 624 4861 nobiliter
648 4814 674 4860 et
686 4805 737 4875 pie
754 4762 881 4861 ereditur
902 4825 996 4862 omnes
1013 4809 1137 4862 homines
1150 4811 1247 4864 salsos
1260 4812 1329 4880 fieri
1353 4810 1460 4881 gratias
1487 4793 1614 4864 omnihus
1648 4809 1684 4863 ad
1718 4809 1770 4864 hoc
1796 4827 1912 4881 regnum
1936 4809 2001 4863 Filii
2026 4808 2070 4863 sui
2096 4815 2125 4865 et
2151 4812 2189 4865 ad

492 4896 586 4948 Deum
610 4894 681 4947 uelle
704 4910 866 4963 semperque
889 4895 1009 4948 voluisse
1034 4899 1085 4949 ete.
1121 4894 1270 4967 Augustis
1290 4897 1326 4951 sd
1352 4895 1591 4968 participationem
1604 4894 1871 4966 beneficiorumejus
1884 4894 2028 4958 rooandis;
2044 4912 2188 4953 sumsero

492 4986 541 5035 art.
559 4979 614 5034 sibi
631 4978 727 5033 falso'
719 4995 816 5049 impos.
837 4984 889 5036 977.
911 4985 954 5035 16:
972 4982 1038 5034 Non
1055 4989 1096 5033 est
1112 4982 1241 5035 uoluntas
1259 4984 1325 5051 Dei,
1352 4982 1447 5037 itidem
1465 4980 1501 5035 ab
1519 4988 1631 5035 aeterno
1649 4980 1878 5036 clementissimus
1898 4981 1975 5036 Deus
1993 4980 2108 5051 videret,
2126 4981 2188 5039 foro

491 5071 523 5116 ut
535 5073 636 5131 pereat
653 5083 740 5132 unus,·
760 5065 891 5135 9919779
912 5083 930 5118 o
945 5067 1051 5134 pietate
1065 5066 1206 5135 deficiunt,
1224 5085 1280 5120 non
1294 5084 1326 5121 es
1352 5076 1383 5123 97
1408 5067 1520 5140 quidam
1544 5066 1643 5121 saltem
1664 5066 1711 5119 ills
1729 5066 1826 5121 7919717
1845 5067 1936 5123 media
1953 5067 2080 5121 omnibus
2102 5067 2188 5123 desti·
2201 5078 2258 5119 1v.:

492 5148 552 5203 Dei
569 5166 664 5219 opere,
689 5153 742 5204 sed
758 5168 790 5203 er
804 5169 858 5204 suo
877 5152 1019 5206 uoluntate
1036 5153 1182 5221 deficiunt,
1208 5171 1258 5206 nec
1276 5155 1325 5206 im·
1351 5159 1416 5208 9979
1434 5157 1587 5220 999997997,
1605 5150 1718 5221 reliquis
1738 5168 1772 5206 sa
1789 5152 1986 5223 repellentibus
2000 5159 2028 5207 et
2039 5153 2188 5208 consilium

487 5235 646 5306 pelluntur,
669 5240 834 5307 utendam,
859 5256 911 5292 nes
928 5238 1108 5307 reficiuntur,
1131 5247 1162 5292 97
1184 5242 1324 5305 deserant,
1350 5240 1403 5294 Dei
1429 5238 1463 5291 de
1491 5237 1582 5291 salute
1611 5253 1661 5290 sua
1679 5237 1857 5307 pertinaciter
1874 5239 2069 5309 spernentibus
2090 5240 2187 5296 decre·

491 5322 588 5375 essuri
600 5330 694 5375 tamen
712 5331 737 5376 et
749 5325 888 5378 recessuri
905 5326 940 5377 91
954 5340 994 5392 eo,
1015 5325 1065 5393 qui
1073 5325 1148 5389 falti
1157 5344 1212 5378 non
1222 5334 1325 5395 potest,
1350 5332 1409 5380 tum
1426 5322 1494 5378 fecit
1514 5323 1548 5376 de
1566 5324 1709 5378 servandis
1727 5324 1782 5378 illis
1800 5325 1875 5394 solis,
1894 5325 1942 5395 qui
1962 5342 2012 5396 per
2031 5324 2188 5381 efficacium

485 5408 695 5477 praesciuntur.
730 5408 884 5464 Primasius
902 5425 987 5480 super
1010 5414 1030 5465 1.
1052 5408 1124 5464 Tim.
1143 5415 1172 5465 3:
1193 5430 1266 5465 unus
1285 5421 1325 5466 ast
1351 5409 1468 5481 Spiritus
1482 5427 1503 5463 s.
1522 5409 1662 5464 mediante
1678 5410 1764 5465 verbo
1782 5417 1990 5482 perseveranter
2001 5411 2031 5465 in
2043 5411 2188 5467 Christum

490 5494 610 5548 omnium
631 5494 724 5562 Deras,
748 5504 774 5548 et
797 5497 862 5549 ideo
887 5496 963 5565 777917
986 5513 1080 5549 omnes
1106 5497 1229 5565 salvari,
1254 5516 1325 5568 quos
1350 5497 1479 5564 credunt,
1506 5502 1534 5551 et
1558 5496 1593 5551 de
1615 5496 1778 5550 damnandis
1801 5496 1871 5560 illis,
1897 5496 1945 5567 qui
1969 5496 2106 5567 pertinaci
2131 5517 2189 5555 me·

488 5581 566 5645 serit.
600 5578 705 5634 Arnob.
729 5597 812 5650 super
836 5581 910 5637 Ρ791.
934 5587 982 5637 90:
1007 5589 1118 5635 constat
1140 5584 1230 5637 Deum
1253 5584 1324 5638 veile
1350 5583 1457 5637 diorum
1491 5587 1632 5637 contemtu
1653 5594 1690 5638 'se
1719 5584 1794 5654 ipsos
1821 5582 1880 5638 rita
1910 5588 2023 5638 aeterna
2055 5583 2188 5656 indignos

488 5682 583 5721 omnes
600 5665 725 5719 homines
741 5655 835 5720 salvos
846 5669 924 5736 fieri,
944 5668 1130 5736 unusquisque
1148 5677 1240 5722 sutem
1255 5688 1324 5740 pro·
1346 5670 1483 5742 judicant.

483 5753 554 5823 prio
573 5752 617 5820 fit·
629 5751 744 5821 iniquus
769 5752 897 5806 arbitrio,
939 5752 1119 5809 Bernhardus
1141 5770 1222 5808 serm.
1247 5762 1270 5810 5.
1296 5754 1324 5810 in
1385 5761 1426 5812 77.
1462 5754 1642 5827 Magistratus
1661 5753 1787 5810 omuibus
1806 5752 1925 5808 subditis
1943 5753 2016 5809 bene
2033 5753 2109 5827 vult,
2137 5758 2190 5813 sed

487 5836 576 5892 natali
593 5827 721 5892 Domini:
747 5839 829 5892 Deus
845 5855 878 5893 79
894 5855 923 5893 77
942 5840 1026 5893 rumh
1043 5841 1226 5894 seminarium
1243 5840 1324 5896 mise·
1349 5846 1441 5896 tamen
1462 5840 1545 5896 etism
1564 5842 1637 5904 vult,
1656 5844 1689 5894 ut
1706 5838 1830 5895 honestis
1849 5839 1958 5912 legibus
1979 5839 2191 5916 obtempsrmt3

488 5923 687 6003 rendi,j·qud
702 5923 820 6000 judicat
842 5932 869 5982 et
892 5927 1057 5983 condemnat
1080 5943 1146 5993 nor,
1170 5944 1232 5984 7797
1256 5944 1323 6002 quo-
1350 5925 1440 6002 siqui
1457 5926 1615 6001 propositas
1632 5927 1709 6002 leges
1721 5924 1922 5986 mnmnmiter
1933 5926 2190 6001 umagrsdinntnr,
