5017 6675
461 487 501 545 os
1005 441 1009 488 5
1154 480 1278 539 nocue
1296 481 1484 541 5555555

460 634 564 688 Isaaao
581 624 725 688 5555511551·
742 633 794 687 tibi
810 649 912 701 555555,
931 632 1011 686 Ι5555
1028 638 1123 688 eutem
1133 635 1217 702 filias
1227 654 1296 706 pro·
1324 636 1375 690 155
1386 653 1550 706 responsum
1561 636 1701 691 1555551155·
1713 630 2165 708 inplmeamabipopsl'sslsradl,

459 719 602 774 5515515515
619 718 691 775 Gen.
709 724 750 789 18,
769 738 794 776 v.
815 724 854 775 to.
888 718 963 790 Ergo
983 724 1011 774 et
1028 720 1173 789 posterius.
1322 722 1357 775 id
1372 731 1413 776 est
1438 723 1530 776 Jacob
1553 724 1658 791 551555,
1675 723 1756 791 filios
1774 724 1917 793 raparavit
1934 723 2103 792 Idesmaeas,
2132 723 2166 778 id

494 811 536 862 85.
555 806 597 862 Ne
614 805 717 862 Jodooi
734 805 826 860 dicere
840 810 962 875 possent.
978 807 1126 859 Ismailem
1143 825 1176 861 55
1187 807 1297 861 annila
1322 817 1362 861 est
1388 818 1508 877 pentem,
1542 826 1626 877 55555
1646 810 1820 878 propagarit
1842 810 1938 876 11555,
1968 826 2069 879 eosque
2085 810 2164 876 sent

458 901 628 962 meseptam,
653 894 785 946 15555555
810 891 962 958 salibara,
983 908 1013 944 as
1032 901 1122 945 551555
1141 911 1200 948 esse
1214 894 1295 963 filios
1321 895 1484 947 tsn'bsitarios
1504 913 1559 964 per
1576 897 1688 958 1155151,
1715 897 1793 963 qaod
1810 897 1861 948 dia
1871 898 1993 963 ,11555551
2016 911 2105 964 55555
2124 897 2166 948 ad

459 979 579 1045 liberae,
603 979 666 1034 ideo
691 979 771 1032 addit
793 978 876 1033 etiarn
895 978 1037 1048 spostolus
1054 979 1171 1034 alterum
1193 986 1295 1050 typum
1322 996 1413 1048 repom
1433 980 1539 1034 scilieet
1563 981 1680 1050 Joram,
1709 982 1760 1033 rat
1779 998 1833 1050 555
1855 981 1990 1034 Idumaei
2010 981 2163 1034 rebellaue-

457 1062 558 1119 Jscobi
583 1069 612 1119 et
636 1064 733 1117 Esavi:
765 1062 794 1119 Si
822 1063 877 1131 illi,
907 1063 955 1133 qui
987 1080 1021 1119 ex
1053 1065 1116 1119 unis
1141 1065 1295 1137 iisdemque
1326 1072 1393 1117 rant
1417 1072 1444 1116 51
1459 1065 1563 1132 jupam
1579 1065 1778 1120 israelitarum
1796 1067 2009 1120 55555155555
2028 1068 2163 1136 deposue-

458 1149 621 1220 parentibus
638 1148 787 1222 propagati
804 1155 876 1213 sunt,
895 1155 1054 1204 nontamen
1073 1150 1135 1206 ideo
1148 1157 1215 1205 sunt
1228 1150 1296 1204 utri·
1323 1158 1404 1216 5551,
1422 1151 1493 1203 aieret
1511 1152 1647 1220 scriptam
1665 1160 1721 1206 est:
1741 1153 1834 1206 Jacob
1852 1153 1948 1218 dilexi,
1969 1155 2053 1206 Esau
2070 1161 2164 1206 551555

459 1252 513 1306 555
532 1235 581 1289 filii
599 1236 794 1306 promissionis,
815 1235 864 1290 sed
879 1236 954 1299 alter,
968 1235 1124 1305 praefertur
1140 1237 1236 1306 altori3
1254 1253 1296 1291 se·
1323 1238 1389 1290 odio
1417 1237 1509 1289 55551.
1546 1242 1570 1292 3.
1601 1237 1681 1301 Quod
1700 1238 1736 1294 de
1754 1245 1865 1293 externo
1882 1237 2030 1309 privilegio
2047 1237 2163 1293 dominii

458 1321 561 1392 quitur,
581 1321 685 1377 censeri
702 1321 790 1390 filios,
807 1339 863 1376 non
882 1322 1033 1376 secundum
1052 1339 1170 1390 carnem,
1186 1324 1235 1377 sed
1254 1340 1295 1378 se·
1321 1327 1349 1375 et
1364 1321 1545 1390 promissione
1561 1318 1651 1378 terrae
1663 1321 1777 1377 Cassan
1794 1323 1907 1393 dictum,
1925 1323 1955 1378 id
1971 1324 2008 1379 de
2027 1325 2163 1388 electione

458 1407 580 1461 cundum
603 1407 825 1477 promissionem
852 1408 902 1462 sed
925 1425 1021 1461 vemm
1047 1408 1136 1478 prius,
1160 1413 1193 1462 ut
1217 1414 1296 1478 patet
1321 1406 1357 1459 sd
1374 1407 1459 1461 vitam
1477 1415 1618 1462 aeternam
1636 1408 1747 1480 proprie
1765 1408 1880 1464 etnude
1896 1408 2046 1478 accipiunt.
2070 1416 2095 1466 1.
2107 1409 2163 1464 Im·

371 1565 377 1578 ι
459 1491 583 1563 exemplo
599 1491 699 1548 lacobi
718 1499 747 1548 51
764 1493 856 1550 Esavi.
891 1483 967 1564 Ergo
987 1499 1014 1548 et
1031 1493 1177 1564 posterius.
1319 1491 1425 1560 plicant
1443 1510 1474 1548 se
1496 1492 1632 1562 absurdo;
1658 1495 1683 1547 si
1706 1494 1780 1549 enim
1802 1495 1880 1549 locus
1904 1494 1948 1549 hic
1973 1496 2011 1550 de
2032 1495 2163 1550 absoluta

493 1584 534 1635 86.
578 1579 621 1634 Ne
650 1578 714 1649 quis
743 1579 860 1648 diceret,
896 1579 1035 1631 Jacobarn
1059 1587 1179 1648 proptor
1206 1595 1295 1646 opera
1320 1576 1456 1634 eloctione
1472 1579 1509 1633 ad
1527 1579 1613 1633 vitam
1630 1580 1952 1635 aeternametabsoluta
1964 1581 2162 1652 reprobationis

455 1665 631 1735 praelatam,
664 1664 744 1719 addit
772 1664 914 1735 apostolus
940 1664 1150 1735 quadruplicem
1168 1665 1294 1734 5555155·
1321 1663 1357 1716 ad
1376 1672 1515 1718 aeternam
1535 1664 1739 1721 damnationem
1756 1665 1908 1735 accipitur,
1935 1667 2078 1737 sequitur,
2105 1683 2162 1721 non

458 1750 572 1824 ρισμόνε
594 1755 618 1806 1.
636 1753 760 1805 nondam
778 1751 855 1803 natis
866 1752 984 1819 555515,
1004 1753 1030 1805 2.
1048 1758 1196 1819 antequam
1210 1751 1294 1812 seris·
1321 1748 1408 1802 solum
1425 1748 1564 1804 lacobum
1580 1749 1707 1805 absolute
1726 1751 1870 1808 admittam
1887 1757 2026 1807 aeternam
2042 1753 2162 1823 praede·

434 1845 516 1891 ·ssnt
543 1838 657 1906 aliquid
683 1838 749 1890 toni
772 1836 820 1889 ael
843 1837 929 1904 noli,·
957 1838 984 1889 3.
1006 1853 1062 1889 non
1089 1852 1122 1889 55
1149 1836 1294 1904 aperilem·
1321 1834 1465 1902 stinatum,
1495 1837 1543 1891 sed
1567 1836 1649 1891 etiarn
1667 1842 1755 1891 totum
1781 1852 1799 1889 a
1817 1835 1924 1891 Jacobo
1943 1838 2161 1895 descendentem
2187 1874 2193 1880 ι

392 1964 406 1974 .
457 1926 482 1974 1.
501 1924 554 1977 sed
571 1941 603 1976 ea
620 1931 751 1990 5555515,
769 1929 801 1974 ut
817 1921 994 1990 propositam
1012 1922 1165 1974 secandam
1185 1921 1294 1975 eiectio·
1321 1921 1469 1990 populum,
1487 1937 1520 1976 ac
1536 1920 1657 1976 Esavum
1676 1938 1731 1976 non
1748 1922 1837 1976 solum
1854 1921 2015 1993 simpliciter
2031 1940 2049 1978 5
2067 1927 2161 1996 gratia

457 2026 520 2062 nem
535 2017 668 2062 55555551.
704 2008 788 2062 Redit
804 2025 871 2078 ergo
888 2007 979 2076 prima
995 2006 1155 2077 propositio.
1189 2007 1294 2062 Verum
1321 2005 1375 2059 Dei
1406 2008 1555 2078 rejectum,
1586 2008 1635 2062 sed
1662 2009 1745 2062 etiam
1771 2012 1860 2062 totum
1887 2010 2022 2079 populum
2038 2009 2076 2065 ab
2095 2011 2160 2083 ipso

458 2101 486 2150 et
503 2095 646 2166 spirituale
664 2111 758 2149 semen
774 2093 905 2149 Abrahae
923 2099 1052 2149 censetur
1068 2109 1124 2147 non
1144 2094 1295 2148 eroarnsli
1320 2091 1475 2147 oriundum.
1511 2099 1533 2148 5.
1557 2093 1667 2148 Incerta
1684 2098 1797 2148 sumunt
1813 2101 1946 2165 tanquam
1964 2102 2049 2150 certa
2084 2086 2159 2154 Nan

458 2181 604 2236 nativitate
635 2198 727 2253 neque
754 2198 788 2236 ex
815 2196 930 2250 operum
957 2178 1075 2246 meritis,
1100 2178 1149 2233 sed
1175 2195 1208 2233 ex
1232 2178 1294 2235 Deo
1320 2177 1355 2232 de
1384 2177 1510 2232 Isnoelis
1536 2186 1565 2234 et
1586 2178 1672 2233 Esavi
1694 2179 1870 2234 damnatione
1895 2180 1965 2236 nihil
1991 2183 2061 2237 certi
2083 2181 2158 2238 affir-

347 2272 624 2338 Ι15171555551551
648 2265 705 2321 tide
724 2264 932 2336 promissionem
953 2264 1075 2318 divinam
1092 2264 1293 2335 amplectente3
1319 2263 1388 2318 mari
1410 2269 1515 2336 potest3
1542 2266 1672 2322 convenit
1687 2260 1762 2320 Esau
1785 2283 1848 2320 cum
1873 2262 1959 2322 fratre
1976 2268 2013 2323 ad
2032 2269 2157 2341 sepultu-

457 2369 491 2408 sc
518 2352 635 2424 proinde
661 2350 770 2407 etiamsi
793 2349 896 2404 ludaei
919 2349 947 2404 in
970 2350 1075 2404 carnali
1098 2350 1244 2405 nativitate
1265 2357 1294 2405 et
1319 2367 1378 2404 ram
1400 2351 1488 2422 patris
1512 2350 1614 2407 (lenes.
1638 2359 1688 2417 35,
1712 2371 1738 2405 v.
1763 2352 1813 2406 ult.
1839 2358 1867 2408 et
1890 2352 1931 2406 sio
1955 2351 2018 2408 curn
2042 2354 2102 2427 ipso
2126 2356 2156 2412 in

457 2439 588 2510 operibus
605 2436 663 2492 suis
682 2435 844 2491 confitentes
861 2435 1039 2505 rejiciantur,
1064 2452 1120 2490 non
1137 2442 1292 2491 15555555-
1319 2437 1437 2506 gratiam
1456 2436 1535 2492 redit.
1575 2443 1598 2492 6.
1616 2437 1787 2509 Repugnsnt
1806 2437 1974 2510 Scripturas.
2010 2440 2157 2506 Quomodo

457 2525 527 2580 cidit
542 2524 596 2579 Dei
614 2522 766 2593 promissio.
801 2522 921 2593 August.
944 2527 983 2577 16.
1009 2522 1044 2576 de
1062 2523 1113 2577 civ.
1129 2521 1185 2577 Dei
1202 2539 1227 2576 5.
1245 2528 1292 2578 355
1320 2522 1392 2577 enim
1410 2522 1516 2575 Esavus
1535 2528 1562 2577 et
1579 2520 1683 2577 Ismaiil
1700 2522 1827 2578 absolute
1846 2524 1905 2580 sine
1921 2517 2051 2597 respectu
2068 2527 2157 2582 incre·

457 2610 568 2664 Paulus
599 2610 744 2678 apostolas
774 2626 907 2677 magnam
940 2609 1000 2661 5511
1032 2609 1156 2676 intelligi
1183 2610 1292 2676 pratiae
1319 2606 1442 2661 dulitatie
1470 2614 1498 2662 et
1522 2606 1746 2677 impoenitentiae
1771 2608 1807 2663 ed
1835 2617 1977 2665 aeternum
1999 2611 2157 2669 damnatio·

457 2699 667 2752 «1555551555
691 2696 759 2765 5515
775 2697 901 2747 nondam
922 2695 982 2748 illis
998 2695 1087 2762 natis,
1111 2713 1163 2748 nec
1180 2697 1294 2764 aliquid
1319 2710 1382 2747 nem
1404 2693 1558 2763 reprobati,
1587 2711 1650 2747 eum
1667 2699 1784 2766 uterque
1801 2712 1852 2765 per
1867 2695 2105 2753 circumcisionem
2125 2698 2157 2754 in

457 2766 602 2853 55555555
621 2782 761 2836 5551555
785 2781 873 2849 nate,
900 2781 961 2834 ase
986 2781 1056 2834 sua
1082 2782 1161 2835 ena
1186 2783 1292 2835 mena
1317 2777 1415 2834 neon
1440 2777 1494 2834 nei
1516 2787 1658 2850 receptus,
1686 2780 1778 2834 etsie
1800 2779 1911 2851 justitio
1934 2780 2000 2836 5555
2022 2782 2077 2838 555
2100 2781 2157 2841 hoo

457 2870 570 2938 elipitor
589 2870 694 2929 minor,
721 2867 831 2936 maiore
853 2867 1016 2936 reprobato,
1041 2868 1174 2934 55551555
1188 2868 1292 2936 promsi
1318 2865 1464 2932 signaculo
1485 2863 1647 2919 confirmata
1664 2864 1768 2919 fuerit?
1796 2866 1875 2922 Rom.
1894 2855 1972 2934 l,¹v.
1994 2866 2033 2923 11.
2067 2871 2157 2928 ’1.15·

456 2956 542 3010 datio
559 2964 692 3025 55551555
710 2955 808 3008 attinet
827 2955 868 3007 ad
885 2953 1025 3021 originale
1043 2962 1193 3022 peecatum,
1211 2956 1292 3009 ambo
1318 2951 1432 3004 volvunt
1448 2968 1477 3005 se
1495 2950 1588 3005 multis
1607 2950 1829 3006 difficultatibus.
1853 2949 1882 3007 si
1899 2953 1972 3006 enim
1992 2953 2038 3008 hic
2056 2962 2156 3011 sensus

451 3060 540 3112 pares
558 3050 652 3104 55551,
676 3049 812 3110 quantam
829 3047 920 3093 autern
939 3041 980 3093 ad
992 3040 1159 3109 propriam,
1183 3042 1292 3096 nullior
1318 3042 1361 3090 est
1383 3036 1486 3091 oraculi
1513 3037 1613 3106 divini,
1641 3038 1716 3109 quod
1734 3037 1824 3092 Jacob
1849 3039 1885 3092 ad
1903 3038 1988 3094 vitem
2010 3047 2156 3098 aeternam

455 3144 552 3183 eoram
569 3129 658 3186 511555
678 3134 748 3181 5551.
836 3147 841 3155 ·
1318 3122 1445 3177 55551515
1464 3123 1576 3179 decreto
1593 3124 1711 3192 electus,
1732 3125 1841 3178 Esevus
1858 3131 1951 3180 sutem
1965 3124 2094 3199 absoluto
2109 3131 2156 3184 d'e·

329 3223 436 3276 555155·
491 3220 533 3270 87.
563 3213 617 3279 Qui
637 3211 792 3282 apostolum
803 3209 943 3280 explicant
959 3209 995 3265 de
1012 3209 1141 3266 absoluta
1157 3211 1292 3268 electione
1318 3216 1392 3263 creto
1409 3208 1446 3263 sb
1464 3224 1499 3264 ea
1509 3210 1637 3279 rejectus,
1656 3210 1758 3282 quibus
1775 3209 1863 3264 oculis
1876 3210 1915 3281 pii
1934 3219 2065 3282 parentes
2080 3213 2156 3269 bunc

329 3279 443 3371 Jssffssffl'
456 3298 547 3356 Isaaoi
569 3306 598 3354 et
614 3297 715 3356 lecobi
736 3297 773 3353 ad
795 3296 882 3351 vitam
905 3302 1044 3352 aeternum
1064 3301 1092 3351 et
1111 3297 1146 3353 de
1163 3297 1292 3354 absoluta
1317 3311 1398 3349 suum
1415 3293 1502 3349 lilium
1519 3296 1730 3366 adspexissent?
1749 3312 1805 3368 quo
1823 3297 1915 3353 animo
1931 3296 2063 3355 Rebecca
2080 3296 2156 3357 hunt

330 3381 409 3471 ἔξω*
456 3386 607 3457 rejectione
624 3384 750 3438 Ismatlis
774 3390 803 3438 et
820 3383 905 3437 Esavi
927 3384 963 3438 ad
981 3390 1121 3438 aeternam
1139 3384 1291 3456 damnatio·
1316 3381 1442 3436 titionem
1465 3382 1627 3438 infernalem
1644 3383 1750 3437 aeterni
1769 3384 1843 3455 ignis
1862 3385 2154 3456 suppliciissbsoluts

331 3442 393 3523 5515ι
402 3484 531 3539 nauem,
555 3471 649 3526 multis
672 3469 761 3523 modis
779 3474 905 3540 peccant.
943 3474 966 3523 1.
987 3468 1051 3524 Non
1067 3470 1215 3525 observent
1231 3488 1290 3526 sco
1318 3468 1460 3521 addictum
1478 3469 1540 3522 sinu
1563 3483 1614 3522 suo
1637 3468 1735 3523 fuisset
1753 3470 1914 3540 complexa?
1944 3478 1968 3528 8.
1986 3473 2156 3529 Pervertunt

328 3534 375 3575 Μ’·
455 3577 523 3630 pum
549 3557 722 3613 mannonis
747 3554 924 3626 spostolicae
960 3560 986 3609 2.
1006 3555 1189 3624 vaticinium,
1216 3559 1291 3628 quod
1318 3554 1467 3625 genuinam
1496 3553 1641 3608 verborum
1672 3554 1908 3625 significationem.
1953 3556 2053 3613 Odisse
2080 3562 2155 3615 enim

457 3644 620 3717 deposteris
637 3642 737 3698 Jacobi
755 3648 784 3697 et
800 3640 885 3695 Esavi
901 3640 1012 3711 proprie
1028 3642 1229 3711 accipiendum,
1249 3647 1292 3711 (ut
1319 3642 1370 3694 hoc
1396 3640 1457 3695 loco
1484 3657 1540 3695 non
1567 3640 1758 3710 accipiendum
1786 3643 1919 3712 positive,
1949 3660 2000 3715 pro
2024 3645 2156 3703 absoluto

455 3737 534 3802 patet
562 3729 663 3786 Genea.
690 3736 738 3793 25,
767 3746 792 3781 v.
818 3733 859 3782 23.
891 3734 920 3783 51
945 3727 1011 3781 Mal.
1037 3733 1063 3796 1,
1087 3746 1113 3783 v.
1137 3734 1160 3783 2.
1182 3736 1231 3797 3.),
1262 3731 1291 3785 id
1318 3727 1438 3798 quodam
1456 3725 1533 3795 odio,
1558 3727 1608 3780 sed
1626 3727 1769 3797 negative,
1789 3735 1820 3782 ut
1838 3729 1874 3783 sit
1891 3728 1964 3785 idem
1982 3731 2058 3802 quod
2075 3738 2154 3803 post-

458 3818 582 3873 reierunt
607 3816 644 3870 sd
670 3830 810 3885 personas.
844 3813 879 3866 1n
908 3812 1024 3868 historia
1058 3813 1093 3868 de
1122 3814 1214 3870 reditu
1242 3815 1292 3871 Ja-
1317 3813 1427 3882 habere,
1446 3813 1551 3867 scilicet
1569 3813 1598 3866 in
1617 3821 1789 3868 externorum
1807 3814 2015 3885 privilegiorum
2029 3818 2156 3875 etbene·

458 3902 521 3958 cobi
548 3918 564 3957 e
596 3900 796 3971 Mesopotamia
830 3899 932 3954 Genea.
962 3903 1003 3953 32.
1037 3905 1065 3953 51
1095 3904 1137 3954 33.
1169 3917 1292 3957 recense·
1317 3899 1442 3955 liciorum
1462 3898 1663 3953 distributione.
1699 3898 2041 3970 dorsetensem.
2077 3904 2155 3959 Psal.

457 3993 521 4051 tur,
559 3986 697 4043 Jacobum
733 4003 788 4040 non
822 3983 907 4039 semel
939 3983 1061 4037 Esavum
1095 3985 1209 4041 15515555
1242 3988 1292 4043 ob·
1319 3993 1359 4054 18,
1378 4004 1403 4039 v.
1424 3992 1465 4040 51.
1488 3990 1528 4040 88.
1557 3984 1639 4039 Prov.
1661 3988 1700 4053 13,
1719 4004 1744 4039 v.
1765 3991 1804 4041 21.
1823 3987 2062 4053 Mantuanis.
2084 3990 2156 4052 1555,

457 4073 532 4127 viam
561 4071 616 4126 sibi
645 4070 749 4125 1551515
774 4069 915 4140 appellare
939 4086 1019 4123 suum
1042 4068 1198 4142 dominum,
1227 4091 1289 4143 pro
1320 4078 1359 4139 11,
1376 4090 1402 4125 v.
1422 4076 1463 4127 20.
1483 4087 1508 4126 c.
1527 4075 1568 4138 16,
1586 4087 1612 4124 v.
1633 4076 1670 4126 13.
1688 4071 1752 4127 lob.
1773 4077 1813 4141 12,
1831 4090 1857 4126 v.
1876 4079 1917 4129 25.

457 4160 519 4229 prio
546 4158 626 4212 vultu
654 4162 684 4211 ot
715 4172 829 4225 corpore
856 4155 957 4226 septies
983 4155 1133 4233 honorare,
1171 4160 1290 4231 gratiam
1351 4164 1392 4214 88.
1428 4157 1509 4222 Quod
1533 4157 1556 4210 si
1574 4162 1680 4212 textum
1699 4157 1882 4229 apostolicum
1900 4165 2033 4231 tanquam
2052 4165 2155 4232 typum
2168 4183 2203 4225 1o¹

456 4244 532 4299 illius
551 4243 673 4299 studiose
698 4241 831 4313 aucupari
849 4247 900 4295 515.
935 4241 1011 4313 Ergo
1035 4259 1091 4296 555
1112 4250 1204 4314 potest
1227 4262 1290 4315 pro·
1318 4245 1354 4300 ad
1375 4244 1535 4299 electionem
1554 4243 1656 4298 referre
1673 4243 1776 4313 velint,
1795 4246 1869 4315 quod
1886 4245 1956 4301 facit
1969 4246 2103 4301 Bucanus
2117 4248 2156 4305 de

455 4330 550 4402 phetia
567 4330 617 4385 illa
635 4330 671 4384 de
688 4345 807 4400 persona
819 4327 921 4383 Jacobi
937 4327 1064 4399 intelligi,
1084 4330 1133 4384 sed
1153 4330 1189 4385 de
1200 4337 1291 4400 poste-
1316 4330 1453 4402 praedest.
1472 4346 1495 4383 c.
1516 4334 1539 4384 8.
1559 4346 1586 4398 p.
1606 4336 1663 4395 552,
1683 4326 1711 4382 id
1730 4330 1820 4401 ipsum
1839 4331 1923 4385 etiam
1941 4338 2016 4387 recte
2033 4332 2093 4397 fiat.
2113 4334 2155 4388 vi·

455 4417 546 4472 ritate.
580 4418 650 4473 Nem
664 4416 1035 4486 deAmasiaestproditum,
1047 4416 1121 4486 quod
1135 4417 1291 4487 idumaeos,
1317 4415 1418 4471 delicet
1444 4414 1496 4469 hoc
1515 4416 1613 4470 modo:
1649 4416 1886 4482 Quemadmodum
1907 4424 2050 4473 externum
2069 4420 2157 4489 privi-

455 4504 505 4575 qni
517 4521 601 4573 saepe
614 4520 728 4559 numero
737 4503 773 4557 ab
785 4502 901 4572 imperio
912 4502 1005 4558 Judae
1015 4501 1182 4558 deficiebant
1190 4502 1291 4575 anag.
1317 4502 1421 4573 legium
1441 4501 1554 4555 dominii
1575 4507 1603 4556 51
1620 4502 1764 4571 promissio
1782 4509 1872 4558 terrae
1888 4503 2001 4558 Canaan
2019 4521 2075 4560 non
2087 4523 2157 4577 pen-
2192 4543 2200 4554 .

456 4594 480 4654 8,
500 4608 527 4644 v.
547 4595 589 4657 22,
608 4589 784 4660 percusserit,
804 4588 914 4659 21155.
938 4595 978 4653 11,
998 4605 1024 4642 v.
1044 4590 1074 4657 73
1103 4605 1192 4661 eaque
1209 4590 1244 4643 de
1260 4608 1291 4645 re
1317 4589 1402 4643 debat
1422 4606 1440 4643 a
1462 4588 1567 4643 carnali
1583 4588 1784 4658 propagatione
1800 4604 1890 4660 neque
1911 4605 1943 4645 ex
1961 4590 2067 4645 meritis
2088 4606 2155 4663 ope·

454 4676 495 4731 its
509 4674 596 4731 refert
612 4674 763 4746 Augustin
781 4673 812 4727 in
828 4673 875 4728 lib.
901 4680 1006 4745 quaest.
1029 4673 1059 4727 in
1077 4674 1178 4733 Genea.
1198 4693 1225 4747 q.
1243 4682 1290 4732 83:
1316 4693 1386 4742 rum,
1406 4675 1455 4729 sed
1473 4691 1505 4729 ex
1517 4674 1641 4745 gratuita
1652 4673 1707 4729 Dei
1723 4674 1926 4745 misericordis3
1944 4676 1984 4731 sic
1995 4676 2156 4740 haeredites

453 4763 491 4818 In
508 4779 556 4827 55,
582 4764 660 4831 55551
677 4761 817 4815 Dominae
843 4762 993 4829 respondet
1017 4761 1177 4815 1155555555
1204 4765 1291 4817 Duae
1317 4762 1391 4816 vitae
1414 4768 1543 4816 aeternae
1566 4776 1621 4814 non
1641 4767 1684 4816 est
1701 4776 1811 4827 eorum,
1840 4761 1888 4831 551
1905 4762 2031 4815 nituntur
2045 4762 2156 4818 555-5511

452 4856 549 4917 555155
573 4850 604 4902 in
627 4855 708 4923 atero
732 4854 866 4901 1555551
893 4854 920 4900 51
947 4848 1005 4901 otoo
1025 4847 1130 4915 populi
1146 4855 1225 4902 atero
1244 4857 1290 4902 tao
1317 4864 1368 4902 sua
1393 4863 1426 4901 ex
1450 4845 1625 4914 Abrahamo,
1653 4846 1751 4899 155555
1769 4853 1797 4901 51
1812 4845 1919 4901 lacobo
1937 4846 2086 4903 nativitate
2105 4854 2157 4904 551

452 4937 667 5004 separabantur,
684 4941 711 4986 51
723 4933 850 5003 populas
863 4933 1003 5001 papulam
1020 4934 1173 5001 superabit,
1191 4941 1218 4986 et
1233 4952 1291 4988 rna-
1317 4934 1345 4986 in
1369 4931 1498 5002 operibus
1523 4931 1639 4986 salutern
1666 4937 1813 5001 quaerunt,
1842 4934 1892 4987 sed
1910 4934 1958 5004 qui
1976 4933 2004 4987 in
2022 4934 2082 4990 solo
2100 4936 2157 4993 Dei

452 5021 501 5088 jor
522 5023 622 5076 5555151
643 5019 761 5088 minori,
786 5018 935 5087 spirituali
955 5018 1143 5086 intelligentia
1159 5019 1299 5075 carnales¹
1318 5018 1445 5089 eligentis
1463 5016 1585 5088 gratuito
1601 5017 1697 5072 favore
1713 5033 1821 5072 omnem
1841 5035 1919 5088 spem
1938 5020 2085 5077 collocent.

454 5106 485 5158 iss
498 5108 607 5176 popolo
623 5107 685 5160 Dei
700 5105 897 5173 oipnifleantar
919 5121 971 5173 per
987 5105 1124 5173 ranorern
1136 5106 1245 5174 filiam,
1266 5115 1291 5160 et
1353 5110 1394 5159 89.
1429 5101 1494 5159 Non
1511 5109 1604 5157 autern
1627 5102 1691 5156 talis
1708 5102 1858 5172 applicatio
1875 5103 2013 5159 facienda.
2048 5106 2158 5175 Genus,

454 5191 619 5261 spirituales
631 5209 686 5261 per
702 5192 852 5253 minoren.
879 5180 947 5259 5515
965 5191 1035 5245 511511
1051 5191 1124 5245 sicat
1139 5192 1291 5261 apostolia,
1318 5190 1448 5244 nativitas
1472 5193 1501 5244 et
1523 5204 1637 5258 operum
1663 5187 1761 5243 merita
1778 5188 1847 5242 nihil
1863 5189 1972 5244 1551551
1989 5190 2026 5245 ad
2042 5191 2158 5248 5155115·

455 5295 511 5331 555
523 5277 609 5346 prim
620 5280 696 5345 55551
705 5278 857 5347 spiritsmle
869 5285 916 5340 551,
936 5279 988 5330 aed
1004 5279 1081 5347 55551
1097 5278 1228 5346 animale,
1239 5296 1292 5348 po·
1318 5291 1389 5330 nem.
1424 5273 1499 5345 Ergo
1514 5274 1597 5329 etiam
1613 5271 1684 5326 tides
1704 5290 1765 5328 eam
1783 5291 1841 5329 non
1857 5275 2026 5346 ingreditur:
2046 5282 2069 5333 l.
2090 5280 2159 5349 quis

455 5371 517 5417 stoa
538 5362 699 5431 spirituale.
743 5364 824 5418 Solet
840 5371 865 5417 51
881 5362 924 5417 sia
941 5362 1064 5431 intelligi
1080 5362 1133 5416 155
1153 5366 1229 5432 quod
1248 5365 1293 5417 di·
1318 5361 1391 5416 idem
1423 5376 1473 5431 per
1503 5358 1595 5414 omnia
1629 5357 1664 5413 de
1693 5359 1891 5428 justificatione
1919 5368 2012 5433 posset
2042 5362 2158 5435 inferri3

456 5456 530 5504 51555
555 5454 608 5515 ert,
634 5455 666 5500 51
688 5448 720 5501 in
744 5451 825 5503 Esau
836 5450 980 5516 fipuratne
1002 5447 1040 5500 sit
1058 5448 1151 5515 major
1167 5451 1293 5518 porrulos
1320 5454 1343 5503 2.
1361 5446 1428 5519 quin
1444 5446 1551 5517 potius,
1571 5444 1638 5517 quia
1655 5446 1796 5516 apostolus
1814 5447 1940 5502 meminit
1956 5448 2158 5520 promissionis,

455 5534 522 5605 Dei,
538 5535 591 5588 155
610 5541 650 5586 cat
666 5533 844 5588 Israiliticas
859 5534 1009 5587 secundm
1025 5549 1152 5601 carnam,·
1165 5550 1222 5603 per
1237 5536 1292 5588 ι15-
1318 5533 1416 5604 utique
1433 5550 1466 5588 er
1484 5536 1585 5586 natura
1604 5531 1800 5587 comelutorum
1815 5531 1886 5588 fides
1904 5534 2075 5604 amplectens
2093 5553 2158 5605 pro·

456 5620 554 5680 555555
571 5626 664 5673 amors
673 5620 817 5687 figuratae
834 5626 875 5673 ert
890 5620 951 5689 ipae
962 5619 1056 5673 Jacob
1072 5621 1223 5672 sanandum
1235 5622 1292 5690 spi
1318 5619 1475 5699 missionem
1493 5617 1657 5686 includitur-3
1688 5623 1711 5673 3.
1731 5618 1804 5672 adde
1822 5619 1896 5689 quod
1915 5619 1980 5675 huic
1999 5621 2159 5678 collectioni

455 5706 587 5769 5115515555
592 5705 774 5776 5555551555
792 5708 844 5761 sed
859 5709 945 5761 etiam
964 5706 1101 5761 listorr'ca
1115 5707 1293 5776 proprietate
1321 5705 1464 5778 spostolus
1483 5705 1656 5761 contradicat
1672 5704 1751 5759 Rom.
1765 5711 1789 5773 9,
1802 5723 1828 5759 v.
1842 5712 1890 5762 32:
1908 5706 2003 5761 lsrael
2015 5709 2057 5761 ad
2068 5708 2159 5782 155555
