5017 6675
430 561 433 568 ’
497 590 556 651 aaa
837 646 840 663 ,
1205 581 1328 640 nouus
1345 582 1511 683 nouas&
1574 635 1581 643 .

495 722 625 790 doctrim
636 738 786 790 denatura
801 735 1089 806 eriptaals'speccats‘:
1107 736 1325 807 primumquod
1349 735 1420 791 hanc
1443 753 1508 793 sero
1529 735 1615 793 fuisse
1638 744 1757 794 mentem
1781 755 1873 803 suam,
1901 737 2001 809 probat
2023 755 2057 793 cx
2074 737 2183 794 confes·

494 824 634 891 ampinale
650 842 705 878 non
725 824 927 891 distinpsemus
940 825 1237 894 alectuala'peccatof
1254 823 1325 876 alte-
1349 819 1425 878 sione
1442 821 1623 888 Germanica,
1652 840 1723 895 quae
1746 822 1787 877 sic
1810 823 1908 880 hahet:
1937 840 2030 878 omnes
2048 825 2084 878 ab
2103 833 2183 878 mma

493 926 555 961 rum
569 911 647 978 quod
662 910 777 964 onlnem
794 917 913 962 naturam
932 918 957 964 et
974 911 1084 965 morbos
1100 927 1133 963 ec
1139 916 1257 980 peccato
1269 911 1324 962 ari·
1349 908 1449 961 metris
1462 909 1564 978 plenos
1575 909 1716 964 malarum
1728 911 1914 980 mspiditatum
1926 918 1952 964 ct
1960 911 2182 978 inclinationum,

493 994 588 1062 pinati
601 996 721 1060 relictos,
740 1004 770 1048 ut
787 996 986 1065 ignorantiam,
1004 989 1210 1065 difficultatem,
1227 1012 1325 1050 concu-
1349 995 1457 1048 necllum
1482 1012 1575 1049 samm
1592 998 1674 1050 DEI
1693 997 1834 1063 timorem,
1859 997 2079 1063 nullam-ueram
2091 998 2183 1067 fldem

490 1081 672 1151 piscaritiam,
703 1089 856 1135 stmucmus
885 1099 944 1136 ease
968 1099 1030 1136 rere
1057 1091 1083 1137 et
1105 1083 1224 1152 proprie
1249 1080 1380 1145 illudis'n
1397 1083 1489 1135 Deum
1507 1083 1609 1136 tatere
1621 1099 1716 1152 posse.
1752 1081 1857 1138 Causas
1875 1100 1941 1139 vero
1964 1101 2014 1138 cur
2036 1083 2112 1138 hisce
2135 1100 2182 1138 vo

496 1168 614 1235 originis
636 1177 790 1236 paccatum.
823 1167 965 1223 Posterius
985 1168 1056 1224 infra
1074 1168 1249 1233 discutietur3
1274 1165 1326 1220 hac
1351 1165 1471 1236 sabulis,
1497 1184 1569 1238 quae
1590 1168 1672 1222 ctiam
1695 1175 1772 1223 actus
1790 1175 1954 1239 connotant,
1982 1168 2114 1225 hocloco
2132 1185 2183 1223 naa

495 1252 556 1308 vice
583 1253 831 1324 considerabimus,
859 1256 996 1325 quomodo
1024 1256 1100 1325 prius
1123 1254 1226 1310 crimen
1245 1251 1326 1308 nobis
1351 1251 1400 1321 sit,
1425 1252 1536 1324 exponit
1553 1253 1616 1308 has:
1643 1261 1666 1311 1.
1686 1255 1754 1326 quia
1771 1254 1933 1311 Scholastici
1957 1261 2106 1311 extenuant
2119 1272 2183 1326 pec·

496 1339 662 1394 intentatum
680 1340 864 1395 Bellarminus
882 1341 987 1412 probet
1022 1342 1133 1398 Profert
1150 1359 1183 1396 ex
1195 1340 1325 1404 hethere,
1351 1343 1443 1393 catum
1461 1339 1574 1411 originis
1592 1346 1621 1394 et
1637 1341 1673 1396 de
1683 1340 1779 1397 fomite
1795 1342 1947 1413 disputant,
1965 1342 2041 1413 quod
2060 1342 2097 1396 sit
2116 1359 2182 1413 qua-

494 1425 638 1496 Philipp'o,
652 1425 809 1482 Chemnicio
830 1434 858 1483 et
875 1427 1003 1500 apologia
1019 1426 1201 1498 Augustanus
1218 1425 1324 1481 conses-
1351 1425 1413 1479 litas
1425 1425 1554 1497 corporis,
1570 1435 1707 1499 quaerunt
1718 1434 1810 1482 utrum
1822 1428 1942 1500 qualitas
1956 1429 2005 1482 illa
2016 1427 2183 1499 contagione

494 1512 578 1566 sionis
598 1512 734 1584 quaedem
752 1512 834 1581 dicta,
855 1530 926 1584 quae
945 1530 977 1568 eo
994 1517 1113 1584 torquet,
1134 1529 1168 1567 ac
1186 1511 1209 1565 si
1228 1526 1324 1581 pecca·
1351 1510 1425 1581 pomi
1447 1528 1484 1566 an
1508 1511 1607 1567 afflatu
1630 1514 1765 1583 serpentis
1783 1519 1926 1568 conhacta
1945 1514 1998 1582 sit,
2022 1519 2116 1569 utrum
2136 1532 2183 1569 au·

495 1605 553 1652 tum
565 1598 699 1670 originale
712 1617 774 1654 cum
786 1600 941 1655 actualibus
954 1598 1145 1667 confundatur,
1158 1615 1221 1652 cum
1232 1604 1325 1652 tamen
1351 1603 1450 1667 geatur
1468 1597 1694 1654 medicamentis?
1711 1605 1763 1654 etc.
1779 1599 1908 1673 graviora
1918 1600 2056 1656 humanae
2066 1605 2184 1654 naturae

494 1700 589 1738 omnes
615 1684 703 1741 libelli
726 1685 888 1753 methodici,
918 1670 1009 1741 omnia
1034 1692 1189 1740 nostrorum
1212 1682 1248 1738 de
1272 1682 1325 1736 hoc
1351 1682 1418 1738 vitia
1441 1700 1496 1739 non
1521 1692 1749 1756 commemorant;
1777 1692 1801 1743 2.
1826 1688 1893 1758 quia
1917 1686 2031 1741 nimium
2056 1686 2184 1741 tribuunt

494 1769 611 1825 articulo
632 1770 736 1841 scripta
752 1772 900 1844 diligenter
913 1788 946 1827 ac
963 1771 1081 1827 fideliter
1099 1770 1245 1825 discrimen
1263 1785 1326 1839 pec·
1351 1767 1454 1822 viribus
1468 1769 1595 1825 humanis
1612 1778 1640 1826 et
1656 1771 1769 1826 actibus·
1784 1771 1895 1841 elicitis3
1917 1778 1940 1828 3.
1953 1773 2019 1843 quia
2036 1771 2120 1828 facile
2137 1788 2183 1827 ee—

467 1858 469 1868 '
494 1857 549 1912 cati
568 1857 709 1928 originalis
728 1866 901 1930 proponant,
927 1859 1079 1929 explicent,
1108 1863 1233 1929 urgeant
1268 1855 1326 1908 Au·
1351 1872 1422 1926 quus
1440 1855 1527 1911 lector
1535 1856 1663 1927 judicare
1679 1862 1778 1929 potest,
1797 1875 1852 1913 non
1869 1864 1963 1914 tamen
1977 1859 2075 1929 culpas
2088 1863 2182 1912 actua·

493 1943 600 1998 diamue
618 1944 824 2000 Bellarminum.
858 1943 972 2001 Luther.
992 1945 1021 1999 in
1040 1951 1135 1999 essert.
1147 1949 1198 1999 art
1211 1948 1234 1997 3.
1248 1941 1326 2007 dicit,
1350 1941 1391 1995 les
1414 1958 1488 2012 csse,
1514 1943 1574 1998 sine
1591 1950 1667 1999 metu
1684 1942 1739 1999 Dei
1757 1950 1785 1999 et
1802 1943 1858 1999 lide
1875 1962 1948 2015 esse,
1973 1945 2022 2000 sed
2042 1944 2183 2000 durabiles

493 2030 662 2099 impossibile
678 2047 745 2100 esse,
764 2040 795 2085 ut
805 2035 896 2099 fomes
907 2033 945 2085 sit
962 2033 1065 2101 absque
1078 2028 1189 2085 actuali
1201 2036 1325 2098 peccato.
1351 2027 1380 2080 in
1400 2023 1569 2084 nahasson
1586 2036 1719 2086 renouata
1736 2028 1873 2100 damma,
1891 2037 1914 2086 4.
1933 2037 1965 2087 ut
1981 2032 2100 2101 doceret,
2115 2031 2183 2103 quid

494 2115 528 2170 ln
545 2123 641 2173 assert
661 2125 712 2172 art
731 2123 754 2172 2.
773 2117 849 2187 dicit,
862 2119 995 2184 fomitem
1011 2133 1061 2171 seu
1076 2115 1322 2186 concupiscentiam
1347 2114 1457 2184 justitia
1482 2115 1624 2187 originalis
1650 2117 1741 2187 (cujus
1762 2116 1880 2186 privatio
1902 2123 1945 2172 est
1970 2124 2126 2188 peccatum)
2153 2117 2183 2172 in

494 2220 551 2257 esse
570 2212 718 2272 peccatum
741 2204 888 2272 oripinale.
927 2202 962 2257 In
988 2209 1082 2258 assert.
1109 2204 1196 2273 ejusd.
1222 2206 1273 2259 art.
1299 2208 1323 2258 3.
1350 2201 1438 2272 primo
1455 2201 1565 2257 homine
1576 2202 1667 2271 suerit,
1686 2219 1720 2257 ac
1731 2203 1798 2273 poni
1809 2202 1935 2259 timorem
1946 2209 1974 2258 ct
1985 2203 2116 2259 fiduciam
2128 2203 2183 2259 Dei

494 2289 633 2356 cripiaele
640 2298 794 2360 peccatum,
812 2298 843 2343 ut
855 2290 949 2344 omnia
956 2299 1084 2359 peccata,
1105 2290 1146 2344 ita
1160 2289 1324 2342 etincradu·
1350 2294 1504 2358 propterea,
1523 2289 1589 2360 quia
1606 2290 1661 2345 aiut
1678 2290 1828 2361 praecipua
1847 2307 1911 2360 para
1929 2289 2058 2362 imaginis
2073 2290 2183 2346 divinae

495 2374 563 2428 litas
581 2383 628 2438 est,
644 2376 737 2439 fontes
755 2383 795 2429 est
811 2392 857 2430 res
873 2376 937 2429 oica
955 2384 1069 2446 atquae
1087 2383 1217 2442 movetur,
1234 2376 1325 2438 fomes
1351 2381 1379 2430 ct
1395 2373 1577 2431 fundamenta
1594 2376 1761 2447 reliquarum
1779 2376 1919 2432 virtutum.
1959 2383 1983 2433 5.
2007 2375 2183 2432 Ohemnicius

493 2478 556 2515 vere
581 2468 620 2523 est
645 2462 757 2516 actuale
772 2470 926 2531 peccatum.
960 2461 995 2516 In
1011 2461 1162 2518 Commeat.
1180 2466 1204 2518 2.
1224 2459 1324 2517 Genea.
1351 2461 1380 2514 in
1396 2477 1482 2515 exam.
1499 2478 1575 2517 conc.
1586 2461 1663 2518 Trio.
1680 2480 1709 2534 p.
1722 2468 1779 2519 456.
1799 2464 1902 2516 Mum
1913 2460 1984 2517 Gen
1999 2467 2023 2519 6.
2037 2465 2128 2528 refert
2142 2463 2185 2515 ad

489 2555 637 2616 peccatum
659 2547 798 2615 originale
821 2556 863 2602 est
886 2549 1085 2616 incredulitate,
1111 2549 1272 2618 desperatio
1300 2554 1325 2600 et
1347 2556 1493 2616 peccatum
1511 2549 1636 2617 oripinis,
1654 2567 1715 2602 cum
1733 2557 1822 2602 tumen
1835 2549 1876 2603 ies·
1888 2551 1923 2603 de
1932 2552 2064 2617 figmenta
2078 2548 2182 2617 cordae,

495 2633 557 2687 aliu
573 2633 687 2688 similia.
714 2632 935 2704 Respondemus:
955 2635 991 2689 D.
1010 2634 1122 2690 Luther.
1142 2639 1250 2706 pugnat
1261 2650 1325 2689 con·
1351 2635 1377 2690 l.
1399 2651 1421 2687 c.
1442 2636 1478 2688 de
1501 2635 1609 2688 actuali
1624 2635 1796 2702 cogitatione
1811 2641 1920 2703 apator.
1956 2634 2182 2705 Respondemus:

495 2727 539 2775 tra
556 2737 611 2789 eps,
629 2719 677 2791 qui
695 2726 841 2790 peccatum
858 2719 992 2792 originale
1006 2727 1163 2791 extenuant,
1182 2720 1326 2776 etnudum
1352 2726 1431 2774 actus
1449 2719 1586 2775 secundus
1604 2726 1721 2775 testabar
1740 2720 1892 2776 denatura
1911 2728 1989 2776 actus
2007 2721 2096 2793 primi,
2118 2719 2183 2776 effe

495 2806 604 2878 peccati
620 2806 744 2862 fomitem
763 2807 833 2862 illud
850 2824 910 2864 csse
927 2808 1079 2879 disputant,
1100 2807 1202 2880 quibus
1219 2824 1284 2864 vere
1300 2813 1327 2863 ct
1352 2810 1427 2859 atum
1446 2805 1605 2860 manifestat
1624 2806 1786 2878 qualitatem
1803 2823 1916 2875 causae:
1936 2807 2080 2878 Scriptura
2097 2806 2184 2878 igitar

495 2893 582 2949 solide
598 2886 659 2950 hoc·
670 2893 796 2964 opponit,
823 2894 946 2949 fomitem
967 2894 1046 2948 illum
1063 2912 1113 2951 scu
1130 2911 1246 2966 pravam
1263 2911 1326 2948 con·
1352 2890 1544 2947 absconditum
1562 2892 1632 2947 illud
1651 2893 1754 2948 malum
1772 2893 1875 2948 intimis
1891 2893 1981 2948 cordis
1999 2894 2086 2948 nostri
2106 2891 2184 2948 fibris

494 2978 693 3051 cupiscentism
716 2997 775 3036 esse
801 2998 858 3036 rem
883 2981 1102 3037 actuosissimam
1132 2996 1165 3035 ac
1187 2980 1326 3035 rivacbsi-
1351 2977 1496 3033 inhaerens
1515 2978 1646 3034 describit
1662 2979 1699 3035 ab
1717 2978 1831 3049 effectu,
1859 2986 1890 3035 ut
1905 2980 1942 3034 ad
1960 2979 2082 3051 aliquam
2100 2977 2184 3032 iatius

494 3082 576 3134 mam,
596 3083 646 3136 per
662 3072 779 3137 peccata
795 3066 916 3121 actualia
931 3073 1066 3137 perpetuo
1083 3066 1113 3120 in
1128 3066 1181 3123 hac
1198 3066 1256 3121 vita
1266 3083 1326 3122 sese
1352 3064 1535 3136 cognitionem
1559 3071 1705 3135 penetrare
1727 3065 1871 3137 possimus.
1905 3065 1977 3131 Quia
2002 3066 2076 3121 enim
2102 3080 2184 3119 omne

386 3162 423 3206 lv.
435 3162 482 3206 tte.
494 3160 677 3221 exserentem,
702 3153 811 3207 interim
827 3170 882 3208 uon
900 3153 973 3208 tollit
992 3153 1138 3209 discrimen
1155 3151 1227 3208 inter
1242 3151 1325 3225 origi-
1345 3153 1507 3220 ficmentum
1529 3152 1625 3206 cordis
1644 3153 1761 3206 humani
1780 3160 1887 3206 teritum
1909 3153 2013 3208 malum
2032 3152 2110 3205 omni
2127 3153 2183 3220 die,

495 3239 559 3293 nale
577 3244 605 3293 et
621 3238 742 3294 actualia
759 3244 889 3308 peccata,
911 3246 1001 3310 neque
1022 3241 1094 3294 enim
1114 3256 1156 3309 ea,
1176 3256 1248 3310 quae
1265 3256 1325 3309 per-
1350 3236 1416 3292 hinc
1444 3236 1526 3293 facssc
1550 3237 1727 3309 intelligitur,
1753 3245 1775 3294 1.
1793 3237 1885 3310 ipsum
1914 3256 1961 3295 cor
1983 3238 2102 3294 hominis
2120 3254 2183 3309 pcc·

495 3329 580 3395 petuo
598 3324 761 3395 conjuncta,
789 3329 855 3380 sunt
871 3324 981 3381 omnino
999 3325 1109 3395 eadem3
1126 3324 1325 3381 incredulitatis
1350 3324 1406 3379 cati
1428 3341 1534 3382 veneno
1556 3324 1690 3379 infectum
1713 3341 1786 3394 csse:
1815 3330 1838 3381 2.
1862 3342 1957 3382 omnes
1980 3325 2088 3381 animm
2110 3324 2183 3380 vires

495 3412 606 3467 nomine
623 3411 755 3484 intelligit
769 3412 908 3468 Ludicrus
929 3412 1069 3468 defectum
1084 3412 1180 3482 illum,
1198 3413 1273 3485 quod
1293 3430 1325 3468 cx
1351 3411 1435 3467 etiam
1454 3412 1622 3483 superiores,
1646 3427 1716 3483 quas
1739 3410 1779 3466 its
1800 3419 1911 3478 vocant,
1935 3412 1965 3468 in
1982 3411 2132 3485 cogitando
2148 3427 2183 3465 ac

494 3498 595 3552 nostris
621 3497 726 3554 viribus
757 3516 812 3555 non
837 3515 983 3572 possumus
1010 3498 1095 3554 verbo
1122 3499 1178 3554 Dei
1204 3500 1325 3564 credere,
1351 3497 1530 3553 deliberando
1553 3503 1715 3568 occupatas,
1740 3504 1885 3569 corruptas
1909 3514 1985 3568 esse:
2015 3506 2040 3555 3.
2062 3498 2182 3570 denique

495 3601 576 3654 quem
608 3584 753 3663 deiectum
779 3602 839 3641 esse
871 3585 1000 3657 originali
1033 3592 1149 3657 peccato
1179 3593 1324 3658 acceptum
1350 3585 1491 3641 toteritsc
1502 3585 1627 3655 tempore
1635 3584 1837 3655 corruptionem
1846 3585 1922 3639 illam
1931 3583 2182 3647 nobisadhaererc;

493 3669 638 3726 ferendum
656 3672 717 3743 quis
735 3673 847 3728 tandem
864 3672 998 3745 negabit?
1025 3679 1171 3744 peccatum
1190 3673 1324 3745 originale
1349 3672 1423 3743 quod
1444 3672 1530 3742 probe
1554 3672 1684 3742 expendit
1705 3672 1760 3726 Dn.
1784 3670 1958 3727 (lhemnicias
1980 3671 2100 3743 ideoque
2117 3688 2181 3742 pro·

476 3809 478 3812 ,
495 3763 537 3811 est
555 3764 631 3812 certo
648 3758 779 3829 loquendi
796 3759 878 3814 modo
891 3758 983 3813 omnia
991 3765 1121 3829 peccata,-
1134 3757 1271 3831 siquidem
1283 3765 1325 3815 est
1348 3758 1468 3829 positam
1483 3758 1566 3830 hujus
1577 3757 1730 3814 sententiae
1744 3758 1953 3828 explicationem
1970 3749 2011 3813 sic
2022 3758 2181 3813 concludit:

494 3859 589 3898 semen
612 3843 733 3897 omnium
757 3850 942 3915 peccatorum.
982 3851 1005 3901 2.
1031 3844 1177 3916 Philippus
1201 3848 1232 3900 in
1255 3846 1324 3900 locis
1351 3845 1432 3908 Quae
1442 3844 1611 3899 Andrads'us
1624 3846 1700 3920 ἄρα,
1719 3840 1947 3913 concessissem,
1961 3846 2182 3913 sedfipmentum

494 3929 632 3995 originale
645 3938 792 3998 peccatum
809 3938 889 3984 uocat
908 3932 1047 3985 aemulam
1069 3934 1211 4001 quandam
1225 3935 1324 4001 praui·
1349 3931 1443 3984 cardis
1466 3931 1610 3997 accusari,
1633 3927 1759 3999 a‘tteptum
1779 3938 1834 3998 est,
1859 3930 1930 3983 sicut
1952 3931 2025 3984 enim
2050 3946 2083 3983 aa
2106 3930 2178 3984 eoae

493 4022 585 4069 tatem
618 4014 652 4070 ln
670 4021 785 4071 confess.
797 4016 917 4088 August.
936 4004 1020 4071 artic]
1034 4023 1057 4072 2.
1075 4017 1161 4087 ponit,
1177 4027 1323 4088 peccatam
1348 4016 1479 4070 thesaure
1497 4016 1592 4070 cordes
1607 4016 1796 4086 proferuntur
1813 4017 1893 4082 lona,
1912 4016 1954 4070 s'ta
1971 4015 2049 4075 male
2067 4032 2100 4069 ec
2119 4033 2181 4069 cor-

494 4100 633 4167 oripr'nule
652 4119 719 4170 esse,
737 4103 815 4170 quod
826 4103 948 4156 homines
958 4104 1015 4156 sint
1026 4103 1086 4157 sine
1097 4111 1204 4157 metuet
1210 4104 1323 4171 fiducia
1348 4102 1394 4155 dis
1413 4103 1542 4157 thesaure
1559 4103 1635 4156 mule
1650 4103 1846 4172 proferuntur,
1864 4119 1895 4156 eu
1911 4102 2088 4156 abundantia
2107 4103 2182 4156 enim

494 4185 579 4241 DEI.
615 4187 650 4242 In
667 4187 797 4259 apologia
814 4187 896 4256 dicit,
920 4190 961 4241 ael
975 4186 1090 4250 ἀταξίαν
1107 4189 1196 4256 idam,
1220 4188 1250 4243 t‘n
1267 4207 1323 4258 quc
1348 4183 1443 4242 eandm
1461 4206 1492 4242 os
1509 4188 1640 4258 loquitur,
1658 4187 1749 4260 inquit
1766 4187 1891 4243 Christus
1909 4186 1977 4242 Luc.
1996 4194 2019 4244 (i.
2047 4187 2086 4243 Et
2103 4188 2182 4244 dere·

488 4274 608 4343 proprie
620 4284 769 4343 peccatum
787 4275 906 4341 oripinis
924 4275 1063 4340 concutit,
1085 4276 1227 4345 pertinere
1244 4277 1322 4345 ipae·
1347 4273 1416 4328 mias
1434 4279 1517 4329 vocat
1532 4292 1582 4328 cor
1599 4275 1718 4329 homines
1733 4292 1859 4344 marum.
1889 4272 2034 4329 Hactenus
2050 4272 2183 4331 Chemmi-

490 4363 630 4416 rationem
645 4362 718 4431 Dei,
743 4363 944 4427 dubitationes,
970 4379 1028 4416 essa
1045 4362 1106 4416 sine
1121 4364 1235 4433 timore,
1262 4365 1322 4418 sine
1347 4360 1413 4415 cius.
1447 4360 1482 4415 In
1503 4359 1611 4415 fumum
1636 4360 1722 4432 igitur
1741 4376 1775 4415 ac
1798 4375 1914 4431 vapores
1939 4360 1999 4415 abit
2016 4360 2182 4416 Bellarmini

492 4448 650 4518 dilectione,
667 4464 766 4502 amare
783 4466 813 4502 se
824 4449 914 4517 mapa
924 4466 1009 4517 quem
1019 4447 1146 4502 DEUM
1157 4456 1223 4519 etc:
1242 4452 1323 4519 atqui
1346 4447 1395 4501 illa
1412 4447 1551 4503 accusatio
1569 4446 1605 4503 de
1621 4447 1730 4502 sublato
1748 4446 1857 4518 peccati
1878 4446 2020 4519 originalis
2040 4453 2068 4504 et
2085 4453 2182 4503 acma-

491 4541 640 4587 contemtus
663 4535 735 4604 Dei,
761 4535 858 4589 odium
875 4533 986 4602 judicii
1006 4534 1110 4598 diuini,
1138 4533 1226 4589 irasci
1247 4538 1321 4606 Deo,
1346 4533 1380 4588 lis
1400 4533 1556 4590 discrimine
1573 4533 1654 4589 nobis
1672 4534 1815 4589 intentata.

483 4621 590 4687 supere
601 4621 781 4689 judicantem
800 4621 936 4688 DEUM,
956 4622 1110 4689 deepcrmc
1127 4623 1251 4689 pretium
1267 4627 1319 4677 etc.
1381 4626 1422 4678 86.
1459 4619 1618 4685 Quaerere
1629 4619 1790 4675 Bellarmini
1808 4624 1850 4674 est
1865 4618 2003 4674 sententia
2018 4619 2054 4676 de
2066 4621 2182 4691 propria

405 4759 408 4764 .
489 4715 553 4760 sant
574 4722 636 4761 rere
659 4707 786 4760 actualia
803 4715 930 4776 pecata.
972 4707 1195 4778 Respondemus:
1221 4726 1321 4766 nomen
1345 4707 1454 4777 peccati
1472 4705 1613 4778 originalis
1630 4705 1909 4762 sternutatione?
1929 4705 1979 4763 lib.
1995 4712 2019 4762 ὃ.
2037 4705 2073 4763 de
2086 4708 2180 4763 ambs.
2209 4707 2211 4714 '

489 4792 605 4847 actualia
624 4792 785 4863 cupiditatis
803 4793 918 4864 opponit
929 4791 1075 4864 Philippus
1089 4785 1320 4851 Scholahticorum
1345 4799 1415 4864 grat.
1435 4798 1464 4849 et
1480 4798 1543 4850 stat.
1562 4810 1639 4864 pecc.
1657 4812 1681 4850 c.
1701 4799 1741 4849 15.
1760 4791 1877 4859 fatetur,
1906 4794 2044 4861 quosdam
2062 4794 2181 4848 catholi-

489 4879 736 4951 disputationibus,
765 4880 840 4951 quod
862 4885 1007 4949 peccatum
1025 4880 1138 4951 originis
1158 4880 1195 4936 sit
1213 4887 1319 4938 tantum
1345 4898 1391 4934 cos
1408 4889 1542 4949 statuere,
1568 4882 1645 4949 quoii
1665 4887 1812 4949 peccatum
1835 4878 1954 4949 eripiaris
1970 4880 2007 4933 sit
2024 4897 2081 4934 non
2098 4883 2180 4934 nuda

488 4964 606 5034 privatio
623 4964 766 5038 originalis
780 4964 921 5036 justitiae,
945 4973 974 5021 et
991 4964 1065 5036 quod
1086 4966 1173 5022 fomes
1191 4967 1239 5024 ille
1254 4985 1319 5039 pec-
1342 4969 1481 5039 privatio,
1506 4970 1558 5022 sed
1574 4968 1699 5038 positiva
1723 4968 1863 5037 quaedam
1882 4966 2024 5037 qualitas,
2050 4967 2182 5023 videlice

488 5051 544 5105 cati
560 5052 597 5106 sit
613 5071 657 5109 res
673 5058 787 5122 torpens
804 5069 838 5107 ac
854 5053 950 5108 otiosa.
980 5051 1129 5123 Philippus
1146 5060 1241 5109 contra
1257 5072 1318 5126 pro·
1340 5073 1435 5124 praua
1452 5054 1674 5124 concupiscentia
1688 5071 1736 5107 scu
1752 5053 1884 5107 marlida
1900 5054 2026 5123 qualitas
2037 5054 2069 5107 in
2080 5056 2180 5108 anima
2192 5067 2252 5112 lu

489 5137 611 5204 nuntiat,
634 5146 780 5210 peccatum
806 5138 941 5210 originale
962 5154 1023 5193 esse
1054 5139 1192 5194 actualem
1212 5140 1318 5210 cupidi·
1342 5158 1435 5210 pram
1452 5140 1598 5195 desideria
1609 5147 1748 5210 perpetue
1760 5139 1892 5193 ercitum.
1920 5138 1966 5195 lta
1979 5140 2082 5196 docent
2094 5139 2180 5195 Lom-

487 5228 586 5291 tatem,
607 5223 634 5277 h.
654 5241 677 5279 e.
698 5225 836 5293 vitiosam,
862 5240 978 5295 eamque
996 5225 1213 5280 actuosissimsm
1231 5227 1318 5298 quali·
1344 5226 1421 5282 bsrd.
1440 5232 1464 5283 2.
1482 5233 1598 5283 sentent
1616 5227 1680 5282 dist
1699 5232 1741 5282 31.
1759 5226 1800 5281 lit.
1810 5226 1843 5280 Β.
1856 5230 1885 5281 et
1892 5225 1921 5282 C.
1938 5226 2077 5282 Henrioiss
2089 5226 2181 5298 quod·

488 5315 587 5377 tatem;
616 5309 655 5363 sic
672 5310 744 5364 enim
762 5328 793 5365 se
813 5310 903 5381 ipsum
927 5310 957 5364 in
975 5310 1066 5365 verbis
1089 5311 1318 5382 praecedentibus
1343 5313 1390 5367 lib.
1406 5318 1430 5367 2.
1442 5330 1469 5384 q.
1484 5320 1522 5369 11.
1540 5311 1624 5385 Greg.
1637 5312 1725 5369 Arim.
1737 5319 1762 5369 2.
1774 5319 1844 5387 sent
1859 5313 1922 5369 dist.
1934 5318 1975 5369 ³0.
1989 5331 2016 5384 q.
2031 5320 2054 5372 1.
2071 5312 2180 5370 Driedo

487 5394 617 5449 declarat.
643 5398 792 5452 Peccatum
809 5399 957 5467 originale,
976 5397 1074 5468 inquit,
1091 5408 1130 5453 eet
1143 5399 1318 5471 natioapro-
1343 5399 1392 5454 lib.
1412 5405 1433 5456 1.
1458 5400 1493 5453 dc
1514 5408 1585 5472 grat.
1608 5408 1636 5456 et
1659 5400 1707 5456 lib.
1731 5399 1827 5469 arbit,
1849 5400 1899 5455 sed
1916 5399 2085 5458 Bellarmino
2106 5399 2181 5457 haec

481 5481 583 5551 pensio
604 5490 629 5536 et
648 5483 764 5551 quidam
783 5486 904 5552 penicles
923 5486 1042 5555 impetus
1061 5493 1087 5538 et
1106 5486 1236 5553 enarpa'e,
1262 5504 1317 5556 qua
1343 5486 1481 5541 sententia
1503 5487 1613 5542 videtur
1637 5488 1748 5543 omnino
1770 5486 1968 5558 improbanda,
1994 5504 2068 5560 quae
2083 5493 2180 5543 tamen

431 5594 433 5597 ·
486 5571 528 5623 ael
540 5569 716 5637 peccandum
734 5572 881 5626 trahimur.
916 5571 963 5626 Ad
982 5572 1098 5627 alterum
1117 5570 1257 5641 objectum
1275 5590 1317 5628 re·
1344 5580 1386 5628 est
1408 5572 1469 5643 ipsa
1491 5574 1599 5629 veritas.
1638 5574 1733 5629 Primo
1756 5580 1848 5645 notat,
1872 5575 2125 5645 concupiscentiam
2150 5575 2181 5629 ia

479 5655 605 5730 ¹spondet
622 5654 752 5726 apologia
768 5657 888 5729 August.
906 5658 1022 5714 confess.
1040 5658 1151 5712 coctu
1167 5658 1244 5712 bisce
1260 5676 1316 5713 non
1342 5658 1394 5713 hac
1411 5661 1571 5729 maantam
1588 5679 1644 5716 non
1667 5661 1829 5732 sipns'ficare
1846 5662 2002 5730 appetitum
2019 5662 2097 5729 boni,
2129 5678 2181 5717 nec

483 5750 591 5796 tantum
612 5741 708 5796 notari
723 5751 832 5811 actum,
851 5746 902 5798 sed
919 5744 1003 5800 etiem
1017 5742 1173 5816 potentium
1193 5752 1220 5798 et
1239 5747 1316 5801 dona
1341 5745 1432 5815 speum
1450 5747 1589 5801 desiderii
1604 5755 1720 5813 metum,
1747 5746 1798 5816 qui
1813 5763 1871 5816 per
1891 5764 1922 5802 se
1940 5748 2108 5819 indifferens
2124 5756 2183 5817 est,-

483 5827 553 5899 (ua
564 5829 648 5898 vna)
660 5829 940 5900 efficacissimam
951 5841 977 5887 a
987 5831 1120 5898 meaa
1134 5848 1201 5900 aaa
1213 5832 1328 5908 aaa„
1341 5833 1394 5886 sse
1410 5833 1506 5886 uam
1523 5834 1611 5899 mse,
1635 5851 1689 5904 qao
1707 5834 1794 5905 pm:
1809 5841 1875 5889 aaa
1891 5834 2015 5890 semaa
2031 5836 2073 5889 aa
2091 5852 2184 5906 apps-
2247 5823 2252 5836 '
