5017 6675
973 547 1025 603 DE
1044 546 1185 603 LIBERO
1207 546 1402 605 ABBITRIO.
1978 560 2040 619 251

343 702 379 757 xit
390 702 523 774 Pelagius
544 702 662 774 gratiam
675 702 729 757 Dei
748 702 783 756 ad
796 702 847 759 lroc
863 704 1046 757 necessariam
1060 720 1127 765 esse,
1145 707 1177 757 ut
1205 704 1293 775 tum),
1322 707 1458 761 bominem
1477 708 1648 761 assistentem
1671 708 1701 761 iu
1716 715 1832 776 peccato
1851 708 1969 763 mortali
1985 710 2045 763 eine

343 796 454 859 peecata
472 783 624 859 praeterita
642 790 828 859 remittantur,
850 806 904 843 non
926 798 1016 846 tamen
1037 798 1068 845 ut
1084 784 1262 857 tutumlfiue
1289 800 1314 845 et
1342 793 1452 862 Spiritu
1479 812 1500 847 s.
1525 814 1612 863 priam
1638 796 1727 848 nitore
1753 803 1779 847 et
1804 812 1900 849 raama
1927 796 2045 863 quodvis

343 881 496 930 caveantur.
535 876 655 947 August.
674 876 710 929 de
728 882 798 947 grat.
818 883 846 931 et
863 877 911 933 lib.
930 878 988 931 arb.
1008 895 1030 931 c.
1054 881 1098 932 ts:
1123 877 1177 929 Di·
1206 879 1324 932 mortale
1338 888 1491 947 peceatum,
1512 898 1546 933 ns
1565 883 1599 932 rte
1614 898 1682 933 nore>
1706 882 1782 933 ittmt
1801 880 1951 932 eoniniittat
1970 884 2044 939 (cum

342 970 402 1015 ιιιιιι
423 963 548 1031 pristiam
565 964 636 1031 Dei,
664 980 735 1031 qnae
761 966 831 1015 elata
858 971 898 1016 est
920 982 976 1032 per
999 966 1083 1027 fialam
1107 964 1300 1039 Jesn3tamen
1322 980 1377 1018 non
1404 965 1505 1019 renatis
1529 966 1620 1019 omrria
1643 974 1758 1034 peccatu
1778 966 1834 1018 sint
1851 965 1990 1031 mortalia,
2017 970 2045 1019 et

343 1047 459 1115 Christi,
488 1066 559 1117 aseae
583 1066 670 1118 neque
695 1048 738 1101 tm
757 1057 797 1101 est
818 1066 904 1117 neqrte
930 1057 1046 1117 natura,
1070 1050 1112 1102 ad
1127 1049 1193 1103 bec·
1204 1055 1319 1118 propter
1330 1051 1528 1119 impedimenta
1548 1050 1683 1104 libertatis
1698 1067 1733 1103 nc
1753 1050 1781 1103 in
1799 1050 1919 1105 externis
1933 1050 2044 1120 quidem

344 1143 446 1187 tantam
459 1135 562 1202 calare,
575 1143 604 1187 ut
614 1143 733 1202 peecata
744 1137 900 1204 praeterita
917 1136 1102 1205 dimittantur,
1123 1154 1178 1190 non
1189 1118 1194 1219 i
1206 1134 1399 1191 universaliter
1418 1142 1445 1191 ct
1463 1152 1571 1206 semper
1589 1153 1684 1190 verum
1702 1135 1746 1201 sit,
1767 1137 1841 1205 quod
1860 1136 1946 1206 possit
1964 1136 2044 1189 homo

342 1229 368 1273 at
378 1224 479 1283 fertura
491 1222 611 1273 uitentur
629 1221 672 1274 uel
682 1222 868 1289 repugna-ntia
881 1230 1054 1291 serpen-entur.
1074 1221 1129 1276 Sed
1141 1220 1178 1276 ab
1190 1233 1192 1279 l
1204 1236 1260 1273 non
1283 1230 1394 1275 renatus
1415 1223 1503 1276 vitare
1527 1222 1644 1293 quodvis
1668 1227 1813 1291 peceatum
1831 1239 1960 1292 pugnans
1980 1238 2045 1275 eum

256 1332 259 1339 ·
343 1305 390 1360 hoc
409 1306 492 1360 etiam
510 1306 648 1376 praesidio
669 1307 794 1376 dejectus
816 1307 947 1379 Pelagius
969 1308 1045 1375 dixit,
1069 1290 1319 1378 adjuto-iexterna
1344 1308 1514 1378 disciplina),
1542 1310 1754 1361 introituserunt
1778 1309 1906 1360 emeritum
1925 1310 1960 1361 cle
1980 1324 2045 1362 con·

342 1391 409 1445 rium
427 1392 534 1463 gratiae
553 1393 587 1445 ad
608 1392 659 1446 hoc
678 1392 777 1460 valere,
797 1398 828 1445 ut
847 1410 918 1463 quac
936 1411 986 1463 per
1006 1394 1122 1447 liberum
1137 1410 1177 1447 ar·
1190 1378 1192 1443 l
1203 1411 1282 1461 prae,
1301 1396 1418 1463 quidam
1431 1395 1514 1447 ctiam
1528 1394 1642 1448 illorum
1653 1401 1785 1460 statua-nt,
1805 1410 1887 1463 posse
1907 1394 2044 1447 leunsinem

342 1479 450 1533 bitrium
479 1479 571 1533 faeere
594 1478 738 1548 jubemur,
766 1478 874 1532 facilius
902 1480 1016 1550 implere
1042 1480 1177 1549 possimus
1204 1496 1237 1531 es
1260 1481 1342 1548 puris
1367 1481 1546 1533 riatsrralibus
1571 1482 1691 1547 diligere
1718 1483 1810 1533 Derim
1832 1496 1918 1547 seqrer
1941 1481 2044 1535 omnia.

343 1582 387 1636 per
409 1566 537 1637 gratiam.
562 1565 681 1635 August.
703 1566 737 1619 de
755 1572 825 1636 grat.
847 1565 946 1620 Christ.
967 1574 1063 1621 eontra
1081 1567 1176 1636 Pelag.
1189 1566 1191 1585 '
1204 1565 1285 1621 Alex.
1300 1566 1418 1621 Alensis.
1432 1584 1460 1636 p.
1477 1572 1499 1620 t.
1520 1585 1547 1636 q.
1567 1574 1609 1623 bb.
1628 1574 1678 1620 art.
1697 1566 1817 1636 penult:
1837 1566 1960 1629 facienti
1970 1567 2047 1634 qnod

343 1651 399 1706 ll.
420 1668 443 1705 c.
469 1658 511 1706 19:
541 1653 678 1719 Pelopiae
697 1653 767 1704 dicit
783 1661 938 1721 propterea
958 1654 1027 1705 dari
1045 1653 1178 1721 gratiam,
1205 1652 1233 1704 in
1258 1669 1287 1704 sa
1312 1662 1353 1705 est
1380 1654 1460 1705 Deus
1483 1654 1641 1705 necessario
1665 1654 1716 1705 slat
1741 1653 1863 1719 qratiam
1883 1652 2045 1704 neccessitate

344 1746 369 1790 ut
387 1739 465 1805 qnod
483 1756 502 1790 a
522 1738 587 1790 Deo
599 1737 793 1805 praecipitur,
812 1737 931 1800 facilius
947 1737 1111 1807 impleatur,
1131 1738 1450 1792 ubi'immutabilitatis.
1487 1737 1584 1792 Thom
1603 1743 1624 1791 l.
1645 1744 1667 1791 2.
1690 1756 1715 1807 q.
1738 1743 1793 1793 tlt.
1814 1744 1864 1791 art.
1884 1744 1911 1791 b:
1937 1736 2044 1789 blerito

346 1826 411 1893 quial
429 1826 464 1876 de
491 1824 544 1876 illa
570 1816 688 1890 senliat,
718 1824 788 1875 satis
808 1825 943 1887 ostendit,
970 1824 1076 1877 seilicet
1101 1824 1190 1892 quod'
1203 1825 1321 1890 congrui
1338 1831 1435 1893 potest
1459 1825 1522 1892 quie
1546 1823 1632 1876 <elteri
1648 1825 1751 1877 aimeri
1771 1826 1894 1893 prienam
1911 1823 2043 1890 aratiam,

345 1912 422 1963 etiam
439 1909 499 1963 sine
518 1911 580 1973 illa,
601 1910 654 1962 etsi
673 1910 763 1962 rutum
781 1910 881 1978 facile,
899 1910 964 1974 sieri
980 1917 1079 1978 tamen,
1100 1912 1178 1977 quod
1189 1906 1191 1963 l
1203 1926 1354 1978 compresum
1373 1910 1445 1961 enim
1459 1918 1498 1963 est
1509 1912 1659 1963 scere-netum
1673 1911 1814 1963 amicitiae
1821 1910 2044 1990 proportionem,

344 1998 475 2049 divinitus
490 1997 676 2067 praecipitur,
690 2004 792 2065 protest.
822 1996 950 2067 Denique
964 1996 1099 2050 concessit
1114 1974 1233 2068 gra-int
1250 1998 1332 2049 Deus
1355 1995 1470 2064 impleat
1496 1995 1616 2049 bominis
1639 1996 1807 2050 rotumum
1830 1998 1860 2049 in
1886 1995 2042 2048 saluatione

343 2083 405 2137 siem
432 2082 486 2137 ou
515 2099 575 2137 eae
598 2084 795 2151 neeessariam,
824 2083 873 2137 aa
897 2082 1005 2137 assisa
1030 2098 1091 2137 sam
1117 2062 1332 2148 catilinam,
1356 2098 1419 2134 irim
1437 2081 1497 2149 spu
1515 2082 1633 2149 implsu
1651 2082 1710 2135 riu
1726 2084 1903 2136 sutrinum.
1938 2081 2000 2135 niu
2019 2084 2042 2134 s.

341 2170 417 2239 juxta
447 2169 613 2224 desiderium
646 2169 735 2224 bonae
766 2168 931 2235 voluntatis,
962 2168 1036 2239 quod
1066 2160 1273 2221 omnino³scnt
1293 2166 1410 2222 disttl.
1431 2184 1457 2237 q.
1476 2184 1522 2220 un.
1540 2172 1591 2220 ert.
1611 2173 1642 2221 t:
1662 2168 1767 2220 Arsiam
1787 2167 1872 2220 obicis
1890 2168 2043 2219 remotione

342 2255 506 2326 praecedere
533 2255 639 2310 debeat.
677 2256 797 2327 August.
825 2256 859 2310 de
887 2260 958 2325 grat.
985 2261 1013 2309 et
1030 2254 1079 2310 lib.
1096 2253 1176 2307 arbit.
1189 2212 1191 2273 i
1205 2261 1230 2305 et
1253 2254 1323 2306 bono
1348 2261 1424 2305 niatu
1449 2254 1480 2305 in
1499 2255 1590 2305 Deum
1614 2271 1646 2306 ea
1668 2253 1785 2306 arbitrii
1801 2254 1928 2307 libertate
1949 2253 2042 2306 elicito

342 2359 361 2395 c.
385 2348 426 2397 ll:
454 2344 521 2396 Cum
533 2343 646 2409 suerint
665 2342 790 2409 consueti,
809 2360 862 2393 non
878 2343 1048 2409 elesermores,
1068 2343 1118 2394 sed
1137 2324 1326 2408 irs-iprimam
1348 2340 1472 2408 pratiam
1495 2340 1598 2391 mereri
1612 2346 1705 2407 potest
1729 2341 1764 2391 ele
1790 2356 1920 2407 conante.
1955 2338 1998 2391 Id.
2018 2344 2041 2395 2.

338 2431 452 2497 flatores
476 2435 501 2481 et
520 2429 759 2497 praecipitatores
779 2428 1011 2495 libaria-ebibit,
1040 2428 1107 2497 qrsia
1129 2396 1273 2480 nec'sent.
1297 2425 1360 2479 dist.
1384 2431 1425 2481 28.
1453 2443 1478 2496 q.
1503 2443 1549 2478 un.
1573 2434 1622 2479 art.
1647 2432 1669 2480 2.
1699 2442 1732 2481 ex
1760 2425 1842 2481 Scoto
1870 2430 1900 2481 et
1922 2424 2042 2480 Occamo

341 2515 455 2567 scieritis
475 2515 587 2566 (lisinae
612 2515 684 2581 lepis
709 2531 758 2566 nar
776 2523 879 2567 aratura
901 2532 950 2567 nec
968 2514 1030 2565 sola
1049 2514 1177 2567 remissio
1190 2524 1192 2587 j
1205 2511 1255 2566 has
1274 2512 1376 2567 format
1395 2511 1611 2581 propositiones:
1632 2512 1748 2564 liberum
1767 2512 1916 2565 arbitrium
1930 2529 1963 2563 es
1982 2512 2042 2565 ems

339 2608 517 2668 peecatorum
540 2607 581 2652 eet
604 2600 658 2652 illa
682 2599 793 2667 pratia,
820 2617 892 2668 quiae
908 2616 961 2668 pcr
981 2600 1078 2652 Jesrem
1098 2598 1178 2651 Cbri-
1204 2598 1383 2651 natsrralibns
1408 2600 1470 2651 sine
1494 2598 1589 2666 pratia
1602 2604 1696 2666 potest
1719 2598 1819 2650 elicere
1837 2606 1930 2650 aetram
1949 2602 2080 2651 mora-V.
2095 2602 2139 2647 tta.

341 2694 411 2737 stum.
431 2687 583 2739 Dominum
606 2694 731 2739 inosti-um
757 2688 857 2753 datur,
883 2689 924 2740 ael
942 2687 993 2739 lroo
1011 2687 1271 2752 consecrantibus·
1287 2687 1399 2753 bonane,
1414 2694 1559 2755 peecatum
1578 2683 1696 2737 mortale
1715 2700 1814 2736 novum
1835 2685 1978 2751 quodlibet
1997 2703 2043 2739 ca-

341 2779 370 2823 ut
386 2788 549 2840 periuraque
568 2773 650 2824 morlo
668 2778 801 2824 cautritur
821 2775 964 2825 ostendere
983 2766 1105 2839 aratiam
1121 2773 1180 2823 Dei
1190 2754 1193 2837 i
1205 2789 1276 2839 erere,
1295 2773 1392 2825 <lisina
1407 2779 1563 2841 peraccepta
1581 2772 1678 2837 qrsoesel
1693 2771 1878 2823 substantiam
1897 2780 1977 2823 actus
1995 2772 2044 2823 im·

338 2859 490 2909 escurialem
517 2858 617 2909 merita
647 2865 744 2909 nostra
774 2859 848 2911 dari.
894 2858 1000 2910 Dicunt
1026 2858 1096 2909 enim
1126 2846 1290 2926 etsi}1›lere.
1327 2864 1351 2913 3.
1377 2858 1451 2913 Sent.
1478 2856 1540 2909 dist.
1567 2861 1608 2910 27.
1632 2874 1658 2927 q.
1684 2874 1730 2909 un.
1758 2856 1835 2912 artic.
1858 2864 1881 2909 3.
1906 2856 1993 2913 dubit.
2014 2864 2043 2913 ἰε

340 2962 394 2996 narn
415 2945 504 2995 ‹latrsr
523 2945 674 2995 sacrandum
694 2943 794 2995 merita
813 2944 943 2994 boriosam
964 2960 1092 3010 opernm,
1112 2944 1193 3010 paria?
1212 2944 1334 2997 Viatoris
1353 2944 1482 2996 uoluntas
1499 2943 1620 2994 lnrmana
1640 2959 1672 2994 ea
1689 2943 1748 2994 suis
1760 2943 1938 2995 stauratius
1955 2952 2045 3011 potest

334 3047 389 3098 per
407 3030 498 3097 ipsam
518 3029 583 3080 bene
605 3046 769 3098 (perani-ur,
796 3035 888 3080 tamen
906 3031 1058 3081 seminarium
1078 3020 1193 3081 merita¹
1208 3032 1301 3082 llenm
1329 3030 1449 3096 diligere
1477 3044 1563 3096 seqrer
1590 3028 1702 3092 om-m'a5
1731 3027 1803 3081 hane
1830 3028 2045 3098 propositionem

339 3116 426 3167 bonae
443 3115 593 3167 eolrsntatis
613 3116 707 3167 elatrir.
745 3112 875 3175 Quamvis
894 3130 959 3166 vero
974 3114 1108 3184 Pelagius
1130 3115 1274 3168 hes-'aicit
1300 3130 1361 3169 esse
1382 3115 1464 3184 juxta
1489 3115 1646 3185 opinionem
1665 3112 1754 3177 Scoti,
1785 3113 1897 3169 Occami
1923 3122 1951 3169 et
1968 3114 2045 3169 Petri

337 3199 416 3254 beret
443 3201 563 3254 asseclas
589 3215 706 3270 maginae
732 3199 905 3253 auctoritatis
929 3199 1001 3253 viros
1028 3202 1056 3254 in
1083 3201 1178 3256 Palae·
1207 3202 1241 3256 de
1260 3201 1366 3270 Aliaeo,
1388 3219 1470 3272 quam
1495 3202 1534 3255 sic
1554 3200 1665 3270 probat:
1687 3200 1770 3253 Omrii
1789 3201 1937 3254 dictamini
1954 3210 2046 3255 rectas

337 3286 423 3354 edna,
453 3285 561 3346 Africa,
581 3285 677 3352 ltalia,
699 3284 793 3340 Gallia
810 3292 837 3339 et
856 3285 1016 3348 britannia,
1044 3286 1177 3357 singulari
1207 3290 1326 3342 rationis
1341 3289 1578 3359 potente-oluntaa
1596 3306 1625 3341 se
1644 3289 1839 3356 conformare5
1858 3291 1911 3343 sed
1926 3288 2045 3358 diligere

337 3381 430 3427 tamen
450 3372 501 3426 Dei
521 3373 611 3443 gratia
636 3371 809 3427 excitabatur
826 3373 1016 3442 Augustinus,
1046 3374 1092 3444 qui
1112 3379 1298 3443 praeliemu-
1323 3393 1408 3444 super
1433 3377 1542 3440 orinia,
1572 3383 1613 3429 est
1638 3378 1779 3429 ‹lictamen
1800 3384 1893 3428 rectae
1916 3375 2046 3445 ratiom's,

338 3458 451 3529 reliquis
472 3459 572 3512 acriter
590 3476 619 3513 se
638 3458 797 3528 opponebat
816 3458 945 3529 Pelagio,
960 3458 1092 3527 loliano,
1110 3460 1178 3514 (ioe-
1190 3447 1193 3486 ¹·
1206 3463 1281 3514 ratio
1298 3464 1370 3514 enim
1390 3462 1479 3514 dietat
1496 3462 1568 3514 inter
1583 3463 1677 3514 onrnia
1692 3463 1839 3531 diligenda
1858 3478 1915 3514 esso
1934 3462 2048 3530 aliquid

337 3544 417 3598 lestio
431 3551 482 3598 etc.
497 3544 580 3597 variis
598 3544 716 3614 scriptis,
729 3561 799 3614 qnae
817 3550 1005 3599 exstantiam.
1027 3553 1051 3599 ἵ.
1064 3563 1176 3615 operum
1191 3529 1310 3600 'stimme
1334 3548 1518 3615 diligendum.
1555 3548 1625 3600 Item
1644 3549 1725 3602 liomo
1751 3565 1850 3600 errans
1868 3555 1961 3615 potest
1979 3548 2046 3600 ‹lili-

338 3631 497 3701 Augustini.
529 3630 571 3682 Ex
591 3629 685 3684 schola
705 3629 811 3701 Pelagii
832 3630 936 3700 prodiit
953 3637 1049 3700 postea
1070 3632 1192 3684 Cassia·
1204 3651 1270 3701 pera
1303 3642 1461 3687 creaturam
1486 3650 1572 3702 snper
1599 3634 1707 3696 omnia,
1741 3651 1806 3700 erpo
1835 3634 1918 3686 ctiam
1944 3636 2044 3700 Deum,

337 3734 389 3771 nus
407 3715 758 3784 monachuslllassilicnsis,
778 3717 825 3786 qui
844 3715 872 3769 in
888 3716 1080 3771 collationibus
1101 3718 1306 3782 dicit,·mirum
1331 3722 1402 3773 enim
1425 3720 1508 3772 ualde
1529 3727 1611 3786 essct,
1641 3722 1719 3788 quod
1734 3720 1864 3772 aeternitas
1882 3736 1911 3772 se
1930 3722 2043 3784 eonfor-

336 3803 365 3856 in
392 3803 463 3856 aliis·
480 3802 634 3855 hominibus
658 3803 828 3856 voluntatem
854 3803 1009 3872 praeveniri
1034 3819 1052 3856 a
1078 3804 1283 3874 gratia,=mare
1304 3815 1401 3877 posset
1426 3807 1575 3860 dictamini
1595 3825 1711 3860 erroneo
1732 3814 1758 3860 et
1778 3824 1834 3859 non
1850 3813 1935 3859 recto.
1971 3807 2044 3859 Item

337 3889 366 3942 in
396 3888 459 3942 aliis
491 3888 610 3958 gratiam
639 3904 656 3940 a
684 3888 843 3954 uoluntate3
881 3888 1000 3942 Faustus
1029 3889 1175 3958 episcopus
1188 3875 1192 3942 i
1205 3894 1286 3946 bomo
1306 3901 1399 3962 potest
1419 3911 1450 3946 es
1467 3895 1550 3963 priris
1572 3893 1749 3946 aeternalibus
1771 3892 1842 3945 aselle
1866 3895 1957 3944 Deum
1985 3907 2044 3945 csse

337 3973 462 4029 Gallicus
490 3975 564 4028 eirea
586 3989 647 4027 ann
672 3981 729 4029 inb.
751 3974 895 4044 disputans
915 3977 1042 4030 omnibus
1061 3983 1190 4048 naturae,
1206 3983 1306 4046 lienem,
1324 3981 1377 4031 sed
1395 3979 1463 4031 talis
1482 3980 1541 4031 sarit
1558 3981 1621 4032 Deo
1639 3979 1787 4031 rnamrnum
1808 3979 1912 4034 bonnam.
1945 3977 2044 4034 Scelus

300 4090 311 4102 ·
336 4061 398 4132 lege
422 4069 582 4132 suppetere,
600 4065 631 4113 ut
650 4060 773 4113 crednnt.
809 4060 871 4113 Huc
890 4061 1027 4116 referendi
1047 4070 1110 4116 surn
1129 4061 1284 4119 Sc-ladelit
1310 4065 1444 4118 rationem
1469 4066 1505 4116 da
1523 4065 1597 4130 torti
1616 4065 1749 4133 politico,
1778 4066 1829 4132 qui
1845 4065 1919 4117 mori
1941 4062 2046 4116 nsaeult

337 4147 514 4219 mipelagiani
540 4147 674 4217 reliquiae
698 4147 911 4220 Pelagianornm
942 4148 1026 4215 dieti,
1058 4165 1287 4220 quorumquam
1312 4169 1373 4204 arra
1393 4152 1548 4216 r’pnominia
1568 4159 1593 4204 et
1612 4152 1728 4218 jactura
1744 4152 1918 4220 reipublicae
1953 4163 2042 4216 repas,

337 4233 439 4288 mentio
466 4233 498 4287 fit
523 4240 588 4286 tom.
615 4240 639 4286 7.
663 4250 775 4303 operum
805 4233 924 4303 August.
952 4233 980 4286 in
1003 4234 1082 4303 epist
1110 4217 1220 4291 Pro-ll.
1239 4245 1264 4294 t.
1289 4243 1359 4292 sent.
1379 4238 1440 4290 dist.
1462 4243 1500 4293 ll.
1521 4255 1547 4307 q.
1567 4244 1591 4291 2.
1610 4243 1662 4292 art.
1682 4242 1712 4290 2:
1743 4237 1793 4288 Aet
1811 4235 2044 4303 ⁸inremissionem

340 4319 413 4389 speri
436 4327 465 4375 et
484 4318 598 4386 Hilarii,
624 4319 671 4389 qui
692 4320 844 4385 docebant,
864 4320 948 4373 vitam
967 4326 1108 4374 aeternam
1127 4307 1189 4391 per¹
1204 4326 1287 4393 impii
1308 4324 1463 4393 reqm'ritur
1489 4332 1580 4376 matres
1606 4323 1690 4374 liberi
1708 4322 1822 4374 arbitrii
1844 4320 2042 4390 indispositio

337 4405 493 4460 libertatern
506 4406 612 4460 arbitrii
626 4406 662 4459 ab
678 4405 732 4459 illis
744 4406 923 4476 apprehendi,
942 4407 989 4477 qui
1002 4407 1063 4460 Deo
1078 4415 1189 4477 sponte*
1204 4412 1302 4465 brceis.
1329 4412 1448 4463 Duobus
1466 4410 1584 4462 motibus
1599 4409 1684 4462 libori
1701 4408 1822 4474 arbitrii,
1840 4407 1970 4460 uidelicet
1981 4405 2045 4462 aelii

337 4492 505 4547 crediderint
533 4498 561 4546 ct
583 4491 715 4546 auxilium
743 4493 848 4562 gratiae
879 4493 976 4546 merito
1005 4457 1233 4550 credulitatisiin
1254 4505 1401 4566 percutiens
1419 4505 1444 4549 et
1461 4497 1613 4549 reolssntatis
1633 4496 1662 4548 in
1680 4495 1773 4547 Deum
1791 4475 2053 4564 remordentem,

337 4579 511 4649 acceperint,
543 4579 661 4650 priorem
693 4595 752 4632 csse
782 4578 845 4632 fidei
876 4579 1062 4633 obedientiam
1092 4598 1174 4651 quam
1188 4577 1190 4624 Ι
1204 4600 1276 4651 qnae
1293 4591 1357 4635 ssent
1375 4601 1394 4634 a
1409 4585 1472 4635 Deo
1484 4583 1669 4650 jsrstifieante,
1689 4582 1794 4634 seilicet
1808 4581 1921 4648 pretias
1933 4581 2042 4648 infusio

336 4664 468 4732 gratiam,
496 4667 665 4720 voluntatem
689 4664 807 4719 hominis
832 4665 941 4719 divinae
965 4666 1071 4736 gratiae
1095 4667 1228 4736 opem'et
1242 4669 1356 4738 peceati
1371 4668 1505 4736 arpnlsio.

338 4752 390 4805 sibi
409 4768 518 4821 parcre3
540 4752 649 4806 initium
667 4751 730 4806 fidei
750 4758 778 4806 et
796 4751 980 4806 conversionis
1001 4768 1059 4806 esse
1078 4769 1110 4806 ex
1128 4741 1190 4807 noi
1240 4759 1282 4811 52.
1318 4753 1487 4812 Sententiam
1518 4752 1750 4809 scholasticorum
1772 4758 1926 4824 sequuntur
1948 4750 2041 4805 Ponti·
2057 4759 2177 4800 sonitant.

337 4838 389 4904 bis,
407 4838 638 4908 complementum
656 4855 673 4891 a
691 4838 756 4892 Deo.
1188 4809 1260 4916 iticii
1278 4839 1391 4910 quidam
1410 4839 1589 4902 manifestius,
1608 4839 1720 4910 quidam
1737 4854 1802 4894 vero
1819 4837 1956 4892 subtilius.
1989 4835 2042 4891 Re·

288 4963 299 4976 .
374 4931 413 4980 51.
448 4924 609 4980 Scholastiei
629 4924 776 4993 scriptores
796 4922 900 4994 egressi
920 4938 998 4976 veros
1018 4921 1338 4993 Scripturne'ceutiores
1360 4925 1433 4980 enim
1456 4925 1580 4980 Jcsuitae
1604 4942 1621 4979 a
1639 4924 1795 4978 durioribus
1820 4925 1955 4993 maj0rum
1980 4940 2041 4977 suo-

255 5028 259 5039 ·
337 5011 438 5066 limites
463 5010 572 5081 Pelagii
598 5010 722 5081 vestigiis
742 5027 797 5063 non
818 5009 934 5064 obscure
951 5009 1088 5063 insistunt.
1127 4989 1263 5086 Di-irum
1288 5010 1403 5066 vocibus
1425 5010 1572 5066 abhorrere
1591 5011 1731 5074 videntur,
1757 5025 1820 5064 cum
1839 5009 1947 5063 interim
1967 5009 2042 5080 ipsos

336 5105 451 5166 spernant
478 5099 565 5164 enim,
594 5097 729 5150 bominem
758 5114 790 5149 er
818 5096 923 5147 uiribus
953 5096 1037 5148 liberi
1062 5098 1177 5150 arbitrii
1203 5115 1325 5153 errorum
1345 5115 1441 5151 nervos
1460 5098 1603 5151 retineant.
1639 5095 1756 5149 Publica
1770 5095 1892 5166 ipsorum
1905 5095 2042 5150 sententia

332 5199 419 5252 peresa
444 5200 474 5235 se
495 5200 675 5252 praeparare
699 5183 740 5233 ael
759 5182 817 5234 Ilei
838 5183 961 5246 aratiam
987 5189 1057 5242 tcum
1081 5188 1174 5237 tamen
1186 5129 1188 5224 i
1202 5191 1292 5238 ersust
1312 5185 1339 5238 in
1361 5185 1479 5242 decretis
1498 5182 1595 5238 concil.
1613 5181 1700 5248 Tria,
1720 5180 1924 5252 quodenset.
1944 5199 2004 5238 can.
2016 5188 2039 5237 ι.
2054 5185 2144 5275 gazell-

336 5269 438 5322 bonam
463 5269 581 5322 hominis
607 5270 776 5322 voluntatem
802 5283 818 5320 a
841 5267 902 5321 Deo
924 5269 1082 5337 praeparari
1103 5265 1188 5328 Seri-J
1200 5273 1240 5326 ita
1259 5271 1393 5342 loquitur:
1416 5271 1451 5324 Si
1468 5272 1530 5340 qur‘s
1548 5270 1661 5336 ‹tteeriq
1679 5267 1786 5320 adhoc
1803 5267 1896 5321 soleam
1916 5270 2041 5322 dirimam
2111 5264 2116 5275 '

334 5361 419 5425 ptura
437 5356 601 5417 asseveret),
627 5359 725 5419 serrare
740 5362 894 5425 praecepta
920 5355 976 5406 net
999 5359 1095 5422 qrtoael
1112 5359 1171 5409 arel»
1185 5357 1187 5396 Ι
1201 5359 1323 5426 Ιι,ινιιιιίιιιι
1339 5375 1393 5426 per
1406 5359 1503 5410 Jesum
1520 5355 1659 5407 Obristnm
1679 5352 1754 5420 dari,
1774 5362 1805 5406 nt
1824 5354 1944 5418 facilius
1960 5354 2040 5408 bomo

333 5443 468 5494 stantiam
496 5449 573 5494 astris
599 5447 671 5508 (cum
696 5449 787 5496 tamen
812 5443 856 5496 lex
877 5441 929 5494 Del
951 5459 1005 5493 non
1033 5449 1172 5498 extensam
1194 5447 1271 5512 juste
1297 5445 1388 5497 sinere
1413 5462 1447 5496 aa
1470 5443 1556 5494 m'tam
1589 5447 1732 5493 asianam
1757 5441 1919 5508 proniore-ri
1941 5439 2040 5509 possit,

333 5533 457 5596 lantum,
484 5527 532 5581 sed
556 5533 585 5582 et
609 5529 744 5582 internam
764 5528 948 5584 obedientiam
968 5527 1109 5598 requirat),
1126 5497 1278 5599 lto-iquoel
1296 5547 1351 5600 per
1376 5531 1489 5583 liberum
1513 5527 1659 5579 arbitrium
1683 5526 1743 5577 uffae
1766 5527 1860 5593 pratia
1885 5534 2039 5592 artmemque,

333 5615 435 5668 minem
451 5631 507 5666 non
531 5622 658 5667 renatum
674 5617 734 5668 sinc
751 5616 806 5676 tirio
825 5623 851 5668 et
873 5613 1023 5683 Spiritus.
1045 5615 1106 5666 solo
1126 5634 1172 5669 ar·
1184 5603 1187 5688 l
1199 5619 1251 5670 scd
1268 5633 1352 5684 aspre
1370 5623 1460 5668 tamen
1478 5631 1512 5666 ae
1531 5611 1687 5682 diffiaslter
1701 5613 1806 5680 possit,
1825 5611 1974 5664 anathema
1991 5610 2036 5661 sit.

335 5699 419 5754 bitrio
450 5701 602 5765 facientem
627 5719 712 5771 opera
738 5709 952 5769 praeceptorum
979 5717 1036 5752 non
1055 5718 1174 5769 peecare
1201 5704 1269 5758 Can.
1289 5708 1319 5757 3:
1340 5702 1375 5756 Si
1392 5700 1455 5769 qm‘s
1469 5700 1571 5753 dixerit
1586 5699 1645 5751 sine
1659 5699 1858 5767 praesentiente
1870 5695 1994 5764 spirtus
2011 5713 2032 5751 a.

331 5792 409 5857 (cum
427 5791 519 5842 nmen
539 5803 634 5858 omne,
656 5786 731 5860 quod
749 5801 804 5840 non
823 5792 865 5840 est
884 5803 918 5841 ex
937 5785 1000 5853 lide,
1021 5784 1057 5838 sit
1073 5803 1172 5857 pecca·
1200 5789 1387 5859 inspiratione
1410 5794 1493 5855 atque
1513 5784 1576 5854 ejas
1600 5784 1746 5852 adjutorio
1764 5783 1900 5838 bominem
1919 5782 2034 5836 medae
