5017 6675
360 629 367 636 .
418 600 459 658 ι,
882 569 885 577 ’
1117 589 1408 648 ιοοιιιιιιιιιιι

452 752 494 801 34.
529 744 678 801 Desudant
708 744 883 800 vehementer
913 742 1076 798 Scholastici
1106 743 1136 796 in
1165 741 1251 812 expli·
1278 742 1450 799 scilicetnon
1465 741 1667 812 consequentis,
1685 740 1975 812 sedconsequentiam
1993 740 2118 796 necessi·

420 832 510 887 canda
529 830 703 903 quaestione,
728 832 864 899 quomodo
885 832 965 884 Deus
987 831 1088 883 tabeat
1108 829 1253 882 scientiam
1278 835 1337 885 tate
1348 847 1405 884 non
1417 829 1557 895 absoluta,
1568 827 1618 883 sed
1630 844 1663 884 ex
1674 827 1837 898 hypothesi3
1851 843 1907 881 non
1919 826 2118 896 pmeeedante,

329 952 334 961 -
419 918 632 972 determinatam
659 926 686 970 et
711 917 897 970 necessariam
917 919 1079 981 fsaurarnm
1095 915 1254 983 contingen·
1279 917 1329 970 sed
1347 921 1494 986 sequents3
1521 931 1576 969 non
1596 913 1731 985 simplici,
1750 913 1800 967 sed
1818 911 2008 967 conditionali.
2043 911 2118 981 Deo,

419 1005 510 1058 tinnit
530 1003 584 1057 Th.
605 1020 631 1072 p
655 1008 686 1057 1.
695 1021 722 1073 q.
743 1007 782 1056 lt.
803 1005 854 1057 art.
875 1006 919 1056 13·
945 1003 1070 1071 Effectus
1083 1008 1177 1069 potest
1197 1016 1254 1053 esse
1281 1002 1328 1071 qui
1355 1001 1449 1055 omnia
1466 997 1628 1070 praeterita,
1653 998 1811 1070 praesentia
1828 1003 1858 1052 et
1876 997 1971 1053 futura
1988 997 2017 1051 in
2036 999 2118 1054 abso·

419 1090 581 1157 contingens
603 1095 722 1157 propter
739 1104 853 1140 cansam
867 1088 1028 1156 proaimam
1044 1086 1252 1153 contingentsrn,
1279 1086 1416 1142 lutissimo
1434 1089 1470 1155 igi
1490 1090 1542 1141 νῦν
1558 1085 1729 1141 aeternitatis
1745 1083 1831 1152 ridet,
1853 1100 1910 1138 non
1928 1082 2056 1181 ignotum
2074 1092 2120 1140 est

419 1176 484 1229 lieet
507 1192 593 1228 causa
610 1175 709 1243 prima
721 1173 765 1226 sit
783 1174 961 1241 nesermria;
984 1174 1055 1226 scita
1073 1190 1092 1224 a
1108 1174 1174 1225 Deo
1190 1159 1325 1269 suatlvel
1347 1188 1408 1228 esse
1431 1177 1535 1242 potest,
1562 1187 1683 1242 quonam
1710 1168 1857 1240 agendi
1832 1187 1873 1223 ιιι
1894 1169 1923 1222 in
1941 1170 2032 1224 causis
2052 1187 2119 1226 con·

419 1260 607 1327 contingentia
628 1259 746 1312 scientia
765 1259 824 1311 Dei
850 1259 1009 1311 necessaria
1053 1257 1115 1312 Biel
1143 1263 1165 1314 1.
1184 1265 1254 1313 sent.
1280 1257 1420 1330 tingenter
1437 1262 1465 1310 et
1481 1256 1568 1312 libere
1587 1255 1734 1328 agentibus
1752 1257 1789 1309 sit
1801 1254 1988 1324 declinatura
2006 1256 2120 1317 interim

420 1344 483 1399 dist
506 1350 547 1400 38.
571 1362 597 1414 q.
623 1361 685 1397 uu:
710 1343 838 1397 biberim
864 1361 966 1397 cauae
988 1345 1128 1396 secundae
1149 1343 1256 1411 sufficit
1281 1361 1332 1398 sua
1348 1342 1397 1397 illa
1414 1342 1588 1414 praevisione
1604 1341 1650 1398 vel
1669 1341 1761 1411 potius
1781 1340 1888 1396 ιιιιοιιι
1903 1357 1958 1394 non
1975 1340 2101 1397 affert
2077 1359 2118 1396 ers

421 1431 874 1498 adsaiaandamcontingentiam,
891 1432 959 1499 qaia
971 1430 1078 1497 sufficit
1094 1446 1255 1482 anamcaa·
1281 1429 1437 1484 absolutam
1475 1429 1598 1499 aliquam
1635 1427 1845 1491 necessitatem,
1884 1426 2065 1497 siquidem
2056 1446 2120 1498 ipse

422 1535 482 1569 sam
505 1510 672 1585 requisitam
693 1531 752 1569 esse
770 1515 894 1569 liberam.
930 1515 985 1570 Sed
1005 1515 1142 1585 quomodo
1165 1519 1256 1569 stante
1281 1514 1428 1570 discrimen
1451 1514 1505 1569 hoc
1527 1512 1685 1580 constituit,
1713 1518 1745 1567 ut
1767 1511 1797 1566 iu
1821 1512 1955 1567 creaturis
1977 1514 2119 1584 quaedam

422 1600 560 1656 infallibili
584 1606 614 1655 et
639 1598 822 1655 determinata
843 1602 898 1656 Dei
921 1600 1105 1670 praescientia
1133 1599 1257 1654 salvatur
1280 1601 1369 1656 libera
1388 1599 1490 1671 agendi
1508 1599 1642 1654 facultate
1659 1603 1752 1654 essent
1770 1597 1921 1667 praeditae

357 1720 361 1727 .
423 1687 613 1784 contingentia
630 1686 804 1741 futurorum?
825 1688 898 1743 Scot
921 1694 942 1742 1.
960 1693 1029 1742 sent
1042 1686 1104 1741 dist
1118 1691 1159 1740 39.
1171 1685 1257 1740 refert
1317 1690 1358 1742 36
1403 1685 1549 1740 Caeterum
1576 1683 1641 1738 hinc
1671 1682 1839 1750 sententiae,
1873 1684 1949 1754 quod
1977 1685 2159 1790 quaedam
2132 1689 2165 1731 0⁰

322 1811 334 1834 .
421 1772 511 1827 ramas
538 1772 689 1842 opiniones.
727 1773 850 1835 Quidam
872 1775 1018 1841 dicerunt,
1046 1776 1138 1826 Deum
1155 1769 1256 1835 funcra
1281 1771 1351 1826 fiant
1367 1771 1454 1826 libera
1473 1777 1502 1826 et
1519 1771 1712 1842 contingenter
1728 1769 1835 1824 ιοιιιι
1827 1787 1856 1823 ιιι
1876 1770 1960 1823 sacris
1977 1751 2165 1826 literius-⁸⁸¹

420 1859 610 1927 contingentia
625 1876 677 1926 per
696 1860 777 1912 ideas
796 1869 871 1914 certo
890 1877 1054 1928 cognoscere
1061 1866 1182 1927 propter
1191 1875 1256 1926 per
1281 1856 1439 1912 stimonium
1457 1857 1548 1924 datur,
1568 1855 1675 1926 quoties
1687 1855 1801 1910 libertas
1812 1855 1962 1910 voluntatis
1974 1855 2116 1911 humanae

419 1945 568 2010 sennonem
582 1946 866 2014 repraesentationis5
881 1947 997 2015 asidam
1010 1947 1149 2012 dicerunt,
1162 1945 1256 1997 Deam
1282 1943 1472 2013 praedicatur,
1499 1942 1579 2013 [quae
1597 1941 1687 2012 qualis
1704 1941 1755 2009 sit,
1772 1959 1823 1997 suo
1841 1940 2026 2011 explicabitur
2044 1941 2117 2015 loco}

421 2031 486 2084 ideo
502 2033 629 2098 perfecte
648 2049 812 2099 cognoscere
824 2048 879 2101 per
897 2033 962 2099 loc,
980 2033 1058 2099 guod
1074 2038 1147 2084 totns
1160 2031 1256 2098 flacus
1282 2015 1389 2100 quoties
1416 2027 1540 2098 praemia
1567 2027 1639 2082 bene
1664 2026 1827 2098 agentffius.
1857 2043 1964 2097 poenae
1991 2026 2120 2098 reprobis

421 2116 553 2185 temporis
580 2123 619 2168 est
645 2133 782 2184 praesens
809 2118 973 2169 aetermtati
999 2124 1025 2168 st
1050 2116 1159 2183 omnia,
1185 2132 1256 2182 gaas
1281 2113 1502 2182 constituuntur,
1526 2113 1633 2183 quoties
1660 2113 1756 2183 lapsus
1780 2113 1865 2182 culpa
1888 2111 1968 2168 Adae
1989 2118 2019 2167 at
2042 2113 2120 2169 Evae

420 2209 485 2254 sant
501 2203 532 2254 in
550 2210 691 2270 ternpore.-
711 2210 741 2252 at
761 2203 834 2254 enim
851 2203 1012 2254 imrnensam
1025 2218 1162 2270 promeae
1181 2200 1258 2253 omni
1282 2199 1488 2268 transcribitur,
1515 2199 1622 2269 quoties
1648 2199 1723 2254 bons
1742 2198 1900 2266 laudantur,
1919 2198 1993 2252 mala
2010 2198 2120 2269 vitupe-

422 2286 494 2354 ioco,
512 2286 554 2340 ita
569 2293 711 2338 ιιιιιιιιιιιιι
729 2285 946 2354 omnitempore.
969 2286 1033 2356 lpse
1045 2291 1138 2340 autem
1150 2284 1256 2354 statuit,
1281 2285 1322 2340 rio
1338 2284 1498 2340 afficiuntur
1516 2292 1581 2352 eta,
1601 2284 1650 2339 ubi
1668 2291 1761 2339 umen
1779 2283 1903 2352 observa,
1921 2301 1972 2339 nos
1990 2303 2046 2339 non
2064 2292 2120 2340 ets-

421 2373 499 2440 guod
523 2371 653 2424 columae
676 2371 788 2439 meina,
814 2389 886 2440 guae
905 2380 944 2425 est
957 2372 1057 2440 prima
1075 2372 1175 2440 regaie
1192 2389 1254 2424 con·
1282 2378 1360 2426 tuere
1382 2371 1474 2427 Deum
1501 2371 1621 2425 otiosum
1648 2377 1830 2441 spectatorem
1858 2387 1966 2439 eorum,
1993 2387 2066 2442 quae
2090 2371 2120 2424 in

421 2457 591 2524 timendum,
609 2457 691 2524 prim
710 2457 873 2510 momina
892 2457 1088 2523 contingentia,
1105 2465 1256 2525 artemiam
1282 2457 1386 2512 mundo
1403 2455 1483 2524 flunt,
1498 2463 1594 2525 postea
1612 2456 1685 2512 enim
1704 2456 1874 2524 docebimus,
1891 2455 1983 2512 Deum
1999 2473 2056 2509 non
2075 2475 2118 2512 so

421 2542 477 2596 iila
502 2541 659 2595 intellectus
684 2542 796 2595 diuinus
818 2543 971 2611 intelligat,
1000 2544 1093 2613 [quam
1118 2559 1183 2598 vere
1201 2542 1254 2597 hoc
1281 2544 1338 2598 lum
1364 2542 1565 2615 προγινώσκειν
1590 2558 1624 2596 ac
1651 2543 1794 2614 προιδεῖν,
1821 2542 1870 2595 sed
1894 2542 1979 2597 etiam
1998 2543 2118 2596 διοικεῖν

423 2632 528 2682 statuat
546 2627 653 2694 mona,
670 2627 730 2698 ipse
749 2628 858 2696 viderit,
878 2644 942 2683 cum
960 2629 1116 2684 intellectus
1132 2629 1206 2699 prior
1220 2628 1257 2682 sit
1281 2629 1387 2694 omnia,
1414 2644 1485 2699 quae
1509 2629 1644 2693 διοίκησις
1667 2627 1804 2698 quomodo
1823 2627 1859 2682 sit
1877 2627 2047 2683 diversarum
2067 2628 2117 2684 ob-

423 2713 565 2769 voluntate
583 2714 612 2768 in
629 2714 820 2781 rationalibus,
837 2715 1098 2787 inDeoutrumque
1112 2714 1256 2785 simplicis·
1278 2715 1417 2784 jectorum
1442 2719 1570 2784 respectu
1598 2719 1773 2783 comparata,
1801 2712 1897 2768 itidem
1925 2714 2116 2768 ostendemus:

424 2798 585 2853 simancma'
597 2801 638 2869 ιι].
659 2799 761 2856 Occam
774 2800 1256 2870 fatetur,modsonnonposnssusst-
1282 2799 1335 2853 hac
1363 2806 1455 2854 sutem
1477 2799 1539 2875 rice
1566 2815 1708 2852 manemus
1735 2799 1764 2851 in
1786 2797 1910 2854 terminis
1937 2798 2118 2870 quaestionis,

424 2885 656 2955 cientereeprimi
667 2888 703 2941 ab
715 2887 965 2956 inteliedacrsato,
977 2888 1037 2958 ipse
1049 2894 1143 2942 tamen
1151 2887 1256 2955 statuit,
1284 2886 1411 2941 videlicet
1422 2902 1455 2941 ex
1468 2884 1563 2939 divina
1580 2883 1764 2955 praescientia
1782 2886 1930 2954 [quatenus
1948 2883 2007 2958 tali]
2026 2887 2116 2940 neuti-

426 2972 504 3040 qaod
519 2973 600 3024 Deus
616 2988 666 3024 sea
683 2973 802 3026 ιιιιιιιια
820 2973 919 3026 divim
936 2975 972 3026 sit
989 2974 1109 3040 cognitio
1128 2972 1258 3026 immitioa
1284 2987 1366 3042 quam
1392 2970 1549 3025 absolutam
1566 2971 1702 3033 omnium,
1731 2987 1803 3041 quae
1820 2968 1906 3038 fiunt,
1924 2970 2119 3026 necessitatem

425 3065 482 3110 tam
502 3058 556 3124 sai,
572 3075 657 3126 msam
668 3058 790 3110 omnium
800 3058 963 3123 scaurorum
977 3060 1187 3129 etpoesibitiam
1199 3067 1258 3111 tam
1283 3058 1423 3130 consequi,
1442 3064 1492 3112 cut
1509 3074 1617 3112 omnem
1635 3056 1851 3128 contingentiam
1863 3061 1947 3126 atque
1958 3055 2118 3112 libertatem

420 3143 552 3210 perfecta
563 3150 588 3195 ιι
601 3142 690 3211 clara,
709 3161 792 3211 gaam
806 3144 870 3212 ipsa
883 3145 967 3197 etiam
979 3152 1019 3197 est
1032 3146 1144 3197 evidens
1156 3146 1258 3198 notitia
1283 3160 1333 3214 per
1350 3159 1412 3198 eam
1430 3141 1542 3197 aboleri.

329 3238 365 3283 tv.
376 3213 411 3281 a
423 3227 663 3296 praeteritorum,
697 3229 887 3296 praesentiam
922 3237 949 3282 et
971 3231 1155 3297 saturarum,
1192 3246 1257 3297 ergo
1298 3236 1360 3286 37.
1395 3228 1484 3284 Multo
1514 3228 1604 3282 minus
1631 3228 1792 3292 dicendum,
1820 3229 1895 3298 quod
1920 3227 2015 3282 divina
2037 3225 2165 3315 prae-‘¹¹

426 3314 499 3367 siena
521 3313 624 3368 notitia
648 3311 815 3369 iitaitioa
802 3332 832 3367 sn
855 3315 950 3385 natis,
976 3333 1032 3385 gua
1057 3317 1197 3370 evidenter
1214 3333 1258 3372 co·
1283 3317 1399 3373 scientia
1422 3314 1537 3371 fatalem
1561 3331 1594 3370 ac
1616 3314 1799 3372 necessariam
1816 3315 1953 3386 peccandi
1971 3315 2118 3371 necessita·
2131 3276 2165 3367 iii

427 3400 584 3498 gnoscimas
611 3417 706 3454 comm
723 3401 883 3469 contingens
909 3418 1057 3470 praesens,
1091 3422 1145 3455 non
1174 3403 1258 3456 addit
1283 3409 1340 3457 tem
1356 3402 1515 3457 hominibus
1533 3402 1645 3457 afferat:
1662 3404 1729 3456 Non
1746 3404 1828 3470 enim,
1845 3403 1913 3471 guia
1925 3404 2005 3455 Deus
2018 3388 2165 3463 tistssra⁰⁸¹
2133 3440 2165 3470 0„

426 3485 484 3554 ipsi
500 3486 671 3553 contingenti
691 3486 819 3553 aliquam
836 3488 1038 3554 necessitatem,
1056 3488 1152 3540 licet
1139 3506 1203 3558 ipsa
1221 3488 1260 3541 sit
1284 3488 1430 3557 cognoscit,
1441 3505 1551 3542 necesse
1563 3496 1603 3541 est
1617 3506 1667 3541 nos
1677 3489 1784 3554 sacae,
1801 3490 1878 3557 grsod
1888 3488 1939 3541 itte
1949 3489 2148 3579 praescivit:
2112 3482 2165 3520 4⁸

425 3572 537 3626 evidens
565 3580 593 3625 ct
618 3571 803 3638 infallibilisg
834 3574 934 3626 notitia
962 3574 1021 3626 Dei
1046 3575 1126 3627 rebus
1150 3576 1259 3639 suturis
1283 3577 1336 3628 scd
1353 3575 1429 3643 qisod
1445 3592 1497 3627 nos
1511 3574 1637 3641 propria
1655 3573 1797 3627 uoluntate
1814 3592 1909 3626 sumas
1927 3574 2051 3641 facttsri,
2068 3542 2165 3633 desi

427 3658 647 3726 contingentibus
665 3676 720 3711 non
739 3658 856 3726 imponit
876 3660 1071 3713 necessitatem.
1101 3659 1188 3729 [Haec
1207 3659 1260 3715 Oc·
1283 3662 1360 3714 novit
1377 3661 1519 3725 tatanem,
1538 3659 1606 3727 guia
1618 3661 1713 3722 Deus,
1732 3658 1843 3713 Hieron
1862 3658 1910 3712 lib
1931 3664 1954 3713 3.
1974 3659 2003 3711 in
2016 3658 2118 3713 Enoch.

426 3743 498 3798 cami
521 3743 659 3798 sententia
681 3743 825 3799 verissima
847 3751 891 3798 est
915 3749 944 3798 et
966 3743 1171 3817 simplicisima]
1205 3745 1258 3801 Th.
1284 3749 1343 3800 Nec
1362 3747 1426 3799 ideo
1439 3754 1540 3813 peccat
1559 3745 1647 3811 hamo,
1666 3746 1824 3814 gniaDeas
1843 3744 1923 3797 ilium
1935 3753 2120 3813 peccaturum

424 3847 451 3899 p.
466 3835 487 3883 1.
498 3846 524 3899 q.
538 3832 578 3885 14.
591 3834 642 3883 art.
655 3834 694 3883 13.
708 3828 749 3882 sic
760 3829 901 3899 procedit:
921 3829 1088 3897 Contingent
1100 3832 1259 3886 considera·
1279 3831 1442 3900 praescivit,
1451 3832 1508 3885 imo
1519 3832 1584 3884 ideo
1593 3848 1649 3884 non
1659 3829 1804 3883 dubitatur
1817 3830 1909 3897 ipsum
1917 3847 2045 3898 peccare,
2056 3848 2120 3884 cuns

426 3923 473 3968 tur
491 3914 535 3968 rel
553 3914 582 3967 ia
600 3931 630 3967 se
648 3914 724 3983 ipso,
748 3917 899 3967 secundam
917 3918 994 3983 guod
1005 3918 1069 3984 jam
1086 3926 1150 3970 actu
1167 3926 1216 3982 eet,
1233 3927 1260 3972 st
1279 3925 1387 3986 peccat,
1406 3916 1473 3985 guia
1491 3916 1550 3981 iile,
1570 3915 1651 3982 cujus
1663 3916 1856 3984 praescientia
1871 3916 1944 3978 salli
1955 3935 2010 3970 sion
2017 3925 2120 3985 potest,

427 4000 468 4053 sic
486 4017 541 4053 non
560 4000 757 4053 consideratur
774 4002 947 4067 afuturum,
969 4003 1020 4054 sed
1033 4009 1063 4055 ut
1073 4019 1219 4072 praesens,
1234 4013 1260 4056 st
1284 4020 1340 4055 non
1350 4003 1464 4070 satam,
1487 4019 1541 4054 noa
1560 4002 1720 4068 fortunam,
1745 4018 1801 4053 non
1820 4000 1934 4067 aliquid
1950 4001 2047 4066 aliud,
2067 4004 2122 4057 sed

428 4093 458 4137 ut
471 4084 684 4138 determinatum
696 4086 737 4138 ad
747 4102 839 4151 mum,
859 4093 884 4138 ιι
898 4095 1019 4154 propter
1032 4088 1083 4140 hoc
1094 4088 1135 4140 sic
1146 4089 1259 4155 infalli-
1284 4088 1421 4141 dominam
1435 4095 1617 4156 peccaturum
1629 4086 1792 4157 pressante,
1811 4086 1905 4155 gui,si
1915 4087 1995 4153 nolit,
2006 4088 2120 4141 omnino

425 4171 518 4224 biiitsr
547 4170 676 4223 subditur
702 4170 816 4223 divinae
833 4172 994 4238 cognitioni.
1030 4174 1141 4227 Deinde
1163 4182 1257 4242 potest
1283 4191 1339 4227 non
1355 4182 1469 4242 peccat,
1494 4174 1547 4226 sed
1561 4173 1588 4225 si
1601 4188 1721 4242 peccare
1741 4172 1876 4238 noluerit,
1896 4173 1980 4225 etiam
1999 4173 2050 4226 icoc
2068 4173 2121 4227 ilie

326 4260 328 4271 '
425 4257 603 4312 considerari
620 4257 793 4325 contingens,
820 4266 851 4309 at
869 4265 909 4311 est
929 4258 958 4310 in
975 4277 1028 4311 sau
1049 4277 1149 4323 caasa,
1175 4268 1200 4312 et
1215 4261 1257 4314 sia
1279 4259 1446 4328 praescivit,
1480 4259 1555 4328 Aug.
1575 4264 1599 4313 ι.
1623 4257 1658 4311 de
1676 4257 1728 4312 civ.
1747 4257 1801 4312 Dei
1819 4274 1842 4312 c.
1864 4264 1902 4313 to.
1940 4259 2006 4312 Non
2025 4275 2058 4311 sa
2077 4275 2120 4321 ea,

424 4343 797 4405 consideratarutfutarum
815 4350 841 4394 ιι
860 4345 1025 4396 utnondum
1037 4346 1257 4415 determinatam,
1283 4347 1360 4414 grsod
1388 4345 1458 4404 falli
1485 4344 1601 4398 scientia
1625 4344 1724 4397 divina
1746 4361 1802 4396 non
1820 4351 1928 4412 potest,
1956 4345 2120 4397 messuitur

423 4437 449 4482 et
468 4430 510 4481 sic
525 4428 686 4495 contingens
704 4446 759 4481 non
779 4428 908 4482 sribditar
921 4446 976 4497 per
997 4429 1190 4484 emaadtmm
1204 4433 1257 4485 ali·
1278 4431 1420 4500 peccandi
1435 4439 1551 4498 urgetur
1562 4432 1682 4496 facinus
1701 4430 1870 4497 uoluntatisg
1894 4429 2022 4485 Ambrae.
2040 4435 2064 4485 2.
2082 4431 2121 4486 de

423 4514 471 4568 cui
487 4514 647 4581 cognitioni.
682 4515 763 4567 Deus
782 4516 923 4582 cognoscit
942 4516 1133 4583 contingentia
1145 4536 1201 4571 noa
1213 4536 1256 4573 so·
1282 4534 1341 4572 voc.
1359 4522 1434 4587 gent.
1452 4533 1476 4570 c.
1494 4523 1517 4572 t.

424 4602 482 4654 lum
501 4608 530 4653 ut
548 4600 660 4654 samin
678 4601 737 4653 suas
757 4602 863 4668 causis,
887 4603 939 4664 eod
958 4602 1042 4656 etiam
1054 4611 1142 4671 prout
1160 4622 1256 4657 anum·
1317 4607 1358 4664 38.
1394 4601 1503 4673 Neque·
1516 4600 1590 4655 enim
1613 4599 1643 4654 τὸ
1670 4601 1712 4654 tin
1736 4600 1838 4669 solum,
1867 4600 2018 4656 sedetiam
2038 4600 2068 4655 ιὸ
2087 4602 2119 4656 δι

423 4689 553 4757 gesodgne
577 4702 672 4739 eoram
696 4694 736 4739 est
758 4694 824 4740 acta
849 4688 880 4739 in
905 4704 934 4740 se
953 4688 1022 4757 ipso.
1057 4688 1120 4744 Biel
1144 4697 1165 4745 1.
1185 4697 1255 4748 sent,
1283 4678 1315 4743 οὗ
1335 4694 1379 4741 sal
1401 4690 1431 4741 τὸ
1453 4690 1518 4755 πῶς,
1536 4704 1648 4742 causam
1669 4694 1696 4741 et
1710 4686 1822 4741 modum
1834 4687 1935 4759 agendi
1947 4686 2118 4758 Deusprae·

423 4774 486 4829 dist.
504 4778 545 4829 38.
570 4790 596 4843 q.
618 4789 663 4825 un.
686 4776 737 4826 art.
756 4777 780 4827 t.
800 4789 878 4842 prop.
898 4779 927 4827 5:
965 4774 1090 4828 scientia
1107 4776 1174 4843 iila,
1200 4795 1257 4845 qao
1282 4776 1364 4831 videt.
1403 4775 1466 4831 Non
1485 4774 1566 4829 modo
1586 4773 1768 4843 proditionem
1785 4772 1877 4846 dudae
1895 4773 2047 4844 praevidit,
2067 4774 2118 4828 sed

424 4863 503 4914 Deus
519 4859 572 4913 scit
581 4860 689 4926 futsma
709 4858 907 4926 contingentia,
933 4867 972 4911 est
991 4862 1165 4928 necessaria,
1188 4864 1255 4931 guia
1282 4862 1365 4916 etiam
1392 4861 1507 4916 eandem
1530 4859 1714 4914 voluntariam
1738 4864 1766 4912 et
1782 4852 1954 4913 necessitatis
1972 4866 2117 4929 expertem

423 4954 463 4997 est
485 4945 576 5014 ipsius
596 4944 729 5008 essentia,
756 4960 812 4996 non
836 4951 925 4995 autem
949 4953 1075 5013 respecta
1092 4948 1258 5009 futurorum
1282 4946 1426 5019 praevidit.
1461 4945 1563 4999 Pulcra
1579 4944 1700 5015 August
1724 4949 1803 4999 tract.
1828 4949 1869 4999 53.
1898 4944 1926 4997 in
1946 4943 2022 4998 Joh.:
2051 4945 2119 4997 Nan
2132 4950 2165 4991 It.

423 5031 649 5097 contingentiam,
677 5030 767 5082 idest
792 5029 945 5082 nonhabet
963 5030 1116 5100 scientiam,
1136 5050 1191 5101 qna
1209 5050 1256 5087 ne·
1277 5040 1399 5101 propter
1429 5048 1463 5083 ea
1490 5048 1645 5100 quenquam
1673 5030 1752 5082 Deus
1782 5032 1822 5082 ad
1843 5032 2015 5097 peccandum
2035 5030 2119 5096 cogit,

422 5115 546 5169 cessario
562 5117 632 5168 sciat
646 5116 837 5176 boemorum
851 5118 1017 5184 contingens,
1037 5125 1068 5170 at
1080 5119 1152 5171 enim
1164 5119 1256 5186 ipsam
1282 5119 1350 5185 guia
1371 5119 1472 5181 sutura
1490 5124 1609 5185 peccata
1627 5116 1769 5168 lominum
1787 5117 1874 5178 ιιουὶι,
1898 5117 2022 5184 ipsorum
2043 5116 2119 5168 enim

422 5204 548 5265 fedarunt
561 5203 720 5270 contingens
732 5202 785 5254 erit
799 5202 994 5271 contingenter,
1015 5204 1056 5256 ita
1071 5206 1152 5258 Deus
1164 5205 1256 5275 ipsum
1278 5203 1574 5273 praescioitpeccata,
1592 5221 1645 5256 ιιοιι
1664 5221 1724 5265 sua,
1744 5221 1800 5257 non
1812 5204 1978 5271 cujusquam
1990 5201 2119 5271 adoriae,

422 5288 475 5341 scit
500 5288 696 5357 contingenter.
733 5287 797 5355 [Sed
820 5286 888 5341 haec
915 5287 1009 5343 dextre
1030 5290 1155 5362 indigent
1172 5291 1256 5346 inter·
1281 5292 1332 5343 sed
1350 5290 1482 5359 ipsoram.
1520 5289 1698 5358 Quapropter
1716 5290 1744 5342 si
1760 5306 1802 5356 sa,
1821 5305 1892 5357 gaas
1905 5288 1954 5340 iile
1961 5288 2120 5355 praescivit

422 5372 591 5444 pretatione,
609 5373 802 5445 contingentes
818 5372 1025 5430 euimcffectus
1041 5377 1163 5446 praescit
1179 5377 1256 5432 Deus
1282 5376 1414 5445 ipsorum,
1433 5392 1487 5428 non
1505 5382 1570 5428 sunt
1587 5375 1721 5443 ipsoram,
1743 5392 1799 5428 non
1810 5390 1872 5426 esre
1885 5373 1935 5427 ille
1943 5373 2120 5443 praescivit·

422 5458 577 5514 necessario
596 5477 651 5514 non
669 5458 881 5530 contingenter]
1281 5462 1332 5514 sed
1358 5464 1426 5529 gain
1450 5461 1529 5515 illias
1548 5462 1738 5529 praescientia
1760 5459 1834 5524 salli
1856 5477 1911 5511 non
1924 5467 2032 5527 potest,
2058 5460 2122 5513 sirie

373 5559 377 5569 ’
458 5550 500 5600 35.
535 5544 746 5615 Aequiescimus
772 5562 821 5600 nas
840 5544 868 5597 in
889 5542 1065 5599 distinctione
1083 5548 1255 5603 necessitatis
1282 5548 1367 5601 dabis
1385 5567 1441 5601 non
1458 5548 1525 5614 alii,
1546 5548 1626 5601 ssd
1613 5549 1671 5616 ipsi
1685 5554 1817 5616 peccant,
1836 5562 1905 5613 guas
1923 5546 2003 5598 Deus
2017 5562 2120 5655 peeca-

421 5629 545 5701 proximc
574 5630 717 5701 proposita
747 5638 775 5685 et
801 5630 933 5702 exposita
980 5630 1118 5727 Respectu
1145 5635 1256 5691 divinae
1282 5641 1358 5687 turos
1374 5650 1433 5687 essa
1448 5634 1611 5702 praescivit

422 5714 910 5787 praescientiaestsamqusecunque
920 5733 954 5771 ex
963 5732 1055 5771 causis
1064 5719 1256 5791 contingenter
1317 5725 1358 5776 39.
1395 5719 1565 5775 sinendum
1585 5713 2122 5789 pleuepercipis,sichabe:Praesci-

422 5809 451 5857 et
469 5800 557 5857 libere
575 5800 722 5873 agentibus
735 5799 814 5868 fiunt,
833 5802 988 5872 necessaria
999 5809 1072 5869 sunt,
1090 5804 1256 5862 nennium
1282 5804 1359 5862 entia
1372 5804 1428 5861 Dei
1446 5822 1502 5862 non
1520 5805 1603 5862 affert
1620 5805 1703 5860 rebus
1721 5801 1975 5859 immutabilitatem
1991 5816 2010 5855 a
2025 5799 2123 5872 priori,
