5017 6675
454 488 513 549 res
901 546 906 555 ,
1021 520 1024 527 .
1138 474 1263 534 socos
1286 474 1457 535 naeuus

452 637 503 706 qui
524 635 597 689 ssim
613 633 719 704 per-ibit
740 634 818 700 fidu,
842 640 868 687 st
884 631 1037 687 nmambi
1053 632 1118 687 sola
1133 630 1230 702 opinio
1249 631 1286 685 dc
1314 629 1382 685 satis
1408 634 1552 703 urgentes,
1581 644 1655 702 quas
1678 646 1730 685 nos
1751 633 1854 701 cogant
1874 645 1893 684 s
1915 627 2149 699 verborumfpro

450 720 534 777 robrss
553 722 673 788 dirim’s,
692 729 718 775 st
735 720 878 790 aperseuer
892 726 979 787 porta
999 718 1119 787 infinitis
1136 717 1287 772 erroribus.
1314 716 1433 785 prietste
1450 716 1495 770 hic
1514 716 1657 785 recedere,
1682 714 1845 786 praesertim
1867 732 1929 770 cum
1951 720 1995 769 tot
2010 714 2150 769 dietim

452 827 477 864 c.
499 815 537 865 rt.
559 807 612 864 col.
633 812 696 862 ott:
722 806 827 861 Smsus
840 807 979 875 proprius
996 814 1024 858 et
1041 805 1163 859 literalis
1179 820 1289 872 semper
1313 802 1421 857 vicibus
1438 803 1579 873 apostolus
1597 802 1850 873 concupiscentiam
1867 801 1989 873 appellet
2002 808 2150 872 peccatum

453 903 492 948 eot
519 894 680 963 stipendus,
705 893 764 946 uisi
786 893 926 946 euidenter
947 892 1082 961 probetur
1107 891 1287 945 eontrarium.
1313 896 1342 943 et
1359 889 1487 959 nuspiam
1503 890 1597 949 addat.
1616 889 1800 960 metonymice
1818 889 1860 943 ita
1868 889 1970 944 vocari.
1993 894 2014 943 1.
2026 890 2150 958 Aposto-

453 981 551 1047 Neque
570 981 668 1033 debera
687 996 706 1031 c
724 978 803 1030 nobis
817 983 914 1045 petere
932 978 1105 1045 miserearii,
1124 994 1175 1030 cur
1191 992 1288 1044 semea·
1314 975 1359 1028 ius
1376 975 1427 1042 (ait
1442 974 1640 1041 Bellarmiuus)
1659 994 1715 1030 non
1733 977 1851 1029 addidit
1867 992 1927 1029 esse
1944 975 2065 1044 proprie
2082 992 2150 1044 pec-
2172 1020 2175 1027 ,

452 1082 516 1118 mur
540 1066 688 1135 proprium
713 1064 859 1117 rerborum
886 1080 996 1116 sensum
1002 1083 1014 1127 ;
1040 1063 1132 1116 sumile
1156 1063 1228 1115 enim
1256 1062 1290 1114 ici
1313 1070 1379 1114 tum.
1420 1060 1645 1130 Respondemus:
1675 1061 1730 1116 imo
1754 1078 1837 1126 vero,
1864 1060 1929 1132 quia
1954 1078 2011 1116 non
2039 1058 2151 1115 addidit

452 1160 536 1219 esset,
561 1168 596 1203 ae
613 1152 641 1203 si
657 1151 719 1219 quis
732 1156 840 1218 peteret
858 1149 894 1201 ab
912 1149 963 1215 iis,
987 1148 1116 1218 quisunt
1134 1149 1164 1201 in
1181 1148 1288 1214 itinere,
1313 1163 1374 1201 esse
1391 1147 1575 1217 metonymice
1594 1153 1755 1218 peccatum,
1776 1147 1942 1218 relinquitur
1959 1163 2021 1203 esse
2036 1146 2149 1217 proprie

453 1256 505 1291 cur
535 1245 687 1305 scortantur
716 1236 791 1288 riom
822 1252 991 1288 communem
1017 1244 1043 1289 et
1069 1236 1182 1302 tritam;
1207 1250 1288 1286 nemo
1314 1231 1419 1286 dictum
1457 1239 1611 1303 peccatum.
1664 1233 1768 1289 Nativa
1802 1233 1948 1287 verborum
1980 1231 2148 1303 significatio

454 1326 527 1377 enim
555 1339 642 1376 sontes
669 1322 702 1373 id
728 1321 852 1390 praeerit,
878 1321 922 1374 uel
949 1339 1000 1374 cur
1021 1322 1215 1389 inpedientur
1232 1336 1288 1389 per
1314 1318 1421 1372 tamdiu
1442 1318 1533 1373 locum
1559 1319 1658 1383 habet,
1689 1319 1777 1374 donec
1802 1335 1854 1389 per
1878 1324 1987 1395 tropos
2000 1318 2037 1372 ad
2062 1318 2148 1389 aliam

450 1418 572 1479 portem,
593 1424 648 1462 non
664 1408 828 1470 fenestram.
863 1406 941 1461 llaec
960 1407 1052 1460 omnia
1069 1406 1261 1461 Bellurminus.
1314 1403 1504 1458 transferetur.
1540 1405 1685 1475 Pelagiani
1712 1405 1748 1458 ad
1771 1405 1864 1458 omnia
1887 1405 1960 1472 locs,
1983 1421 2056 1475 quae
2079 1403 2148 1475 ipsis

489 1500 529 1553 38.
573 1493 664 1546 Minor
694 1492 846 1563 propositio
880 1492 977 1546 itidem
1004 1499 1088 1548 certa.
1130 1491 1287 1562 Apostolus
1314 1495 1503 1559 opponuntur,
1515 1489 1575 1560 pari
1586 1490 1694 1544 ratione
1709 1499 1822 1561 possent
1832 1491 2008 1561 respondere,
2019 1490 2148 1559 nuspiam

454 1579 527 1635 enirn
544 1579 754 1635 Romans.
780 1595 835 1632 non
860 1579 956 1646 semel,
982 1578 1030 1633 sed
1055 1578 1202 1649 aliquoties
1224 1592 1287 1630 con·
1315 1574 1390 1642 sddi,
1408 1577 1482 1646 quod
1502 1576 1613 1646 proprie
1633 1594 1668 1631 es
1684 1577 1947 1648 sintintelligends:
1968 1581 2150 1648 recognoscet

403 1684 409 1696 ·
455 1666 654 1736 cupiscentiam
676 1664 767 1720 carnis
781 1671 864 1720 vocat
881 1671 1035 1735 peccatum.
1070 1665 1148 1720 Rom.
1168 1670 1195 1732 6,
1212 1680 1237 1716 v.
1259 1669 1287 1717 2:
1314 1660 1499 1715 Bellsrmiuus
1516 1678 1569 1716 sua
1584 1663 1671 1717 rerba
1688 1663 1774 1733 paulo
1791 1664 2012 1734 anteproducta.
2040 1669 2067 1716 2.
2086 1660 2151 1715 Gol-

456 1753 512 1814 Qui
528 1752 632 1805 mortui
648 1770 744 1805 sumus
759 1761 885 1821 peccato,
904 1753 1042 1820 memorio
1060 1753 1154 1804 adhuc
1167 1750 1289 1803 mremus
1315 1747 1413 1814 lipitur
1436 1748 1576 1803 crudenter
1600 1766 1634 1802 eu
1653 1748 1811 1819 Scripturis
1832 1750 2016 1818 metonymica
2038 1748 2152 1819 percuti

451 1840 483 1892 iu
508 1838 581 1892 ittet
602 1855 627 1893 r.
648 1845 675 1894 b:
698 1847 776 1892 uuus
794 1847 888 1892 noster
910 1840 990 1893 bomo
1013 1838 1162 1907 metuimus
1182 1843 1235 1896 est,
1258 1843 1289 1887 ut
1316 1833 1344 1885 in
1375 1833 1403 1889 ir.
1429 1834 1451 1890 i.
1478 1835 1665 1907 siqnijioatio5
1703 1836 1870 1906 Scripturas
1899 1838 1972 1890 enim
2002 1842 2150 1903 testam,

453 1927 616 1978 desereretur
639 1942 742 1996 corpus
761 1926 884 1995 peccati,
910 1933 940 1977 ut
961 1925 1040 1978 ultra
1061 1941 1118 1979 non
1134 1923 1289 1977 suciamus
1314 1934 1407 1972 uocem
1427 1921 1538 1991 peccati
1565 1938 1624 1974 esse
1647 1922 1807 1990 ambipuam
1832 1930 1858 1976 et
1880 1940 1953 1975 nunc
1975 1922 2071 1991 accipi
2092 1938 2151 1990 pro

448 2013 589 2081 peccato!
611 2029 636 2068 r.
659 2019 689 2067 t:
715 2010 770 2073 Qui
793 2019 919 2065 mortuus
941 2019 994 2074 est,
1010 2010 1186 2078 justificatus
1212 2015 1252 2060 est
1270 2026 1290 2060 a
1315 2006 1413 2075 culpa,
1440 2025 1513 2061 nune
1527 2024 1583 2077 pro
1602 2025 1713 2078 poena,
1740 2024 1812 2078 quae
1837 2017 1877 2063 est
1902 2009 2003 2078 cuipas
2028 2009 2150 2078 effeetus,

453 2105 579 2167 peccato.
598 2103 680 2154 ull:
700 2098 854 2152 em'stimote
867 2115 916 2151 cos
929 2106 1052 2150 mortuos
1059 2103 1187 2165 peccato.
1204 2111 1230 2147 v.
1247 2099 1291 2149 rt:
1314 2110 1388 2145 nunc
1413 2094 1497 2148 etium
1516 2111 1572 2164 pro
1597 2112 1684 2148 causa
1703 2096 1826 2164 peccati,
1851 2112 1925 2148 nunc
1952 2095 2072 2164 &nique
2093 2109 2151 2162 pro

455 2203 510 2238 nors
537 2192 633 2253 reperet
654 2194 802 2254 peccatum
819 2186 850 2237 in
869 2200 988 2252 corpore
1007 2191 1109 2250 oestro,
1128 2189 1159 2235 ut
1178 2181 1290 2234 obedia·
1315 2181 1464 2249 scruficio,
1483 2183 1560 2249 quod
1577 2189 1618 2234 est
1631 2182 1746 2249 peccati
1764 2183 1895 2250 expiatio.
1925 2180 2151 2250 Respondemus:

455 2273 492 2324 tis
516 2272 748 2341 concupiscentiis
769 2272 839 2340 rjus.
856 2288 882 2324 v.
904 2276 948 2325 1³:
973 2286 1023 2323 nec
1041 2269 1191 2323 cohibeatis
1208 2284 1291 2321 mem·
1316 2282 1373 2319 uon
1394 2265 1501 2322 sufficit
1525 2267 1670 2322 ostendere
1693 2265 1904 2338 ambiguitatem
1925 2267 2044 2338 alicnjus
2068 2282 2151 2321 roca·

453 2359 507 2410 bra
523 2366 617 2411 cestra
634 2375 716 2410 orma
739 2357 898 2425 iniquitates
906 2363 1033 2425 peccato.
1044 2372 1072 2410 v.
1086 2360 1129 2410 ll:
1145 2362 1291 2423 peccatum
1317 2352 1392 2423 bali3
1411 2354 1464 2408 sed
1481 2353 1683 2408 ostendendum
1702 2360 1746 2408 est
1764 2353 1792 2408 in
1810 2370 1844 2409 eo
1863 2355 1923 2425 ipso
1944 2355 2006 2408 loco
2024 2358 2151 2422 metony-

454 2445 532 2497 uobis
554 2461 611 2497 non
634 2444 832 2498 dominabitur.
857 2460 883 2497 r.
905 2447 948 2497 16:
971 2442 1047 2495 serui
1067 2442 1133 2495 estis
1151 2441 1221 2509 rjrss,
1243 2440 1292 2493 cui
1317 2439 1400 2505 mico,
1426 2458 1482 2495 non
1501 2447 1594 2495 autem
1611 2441 1722 2511 proprie
1740 2441 1882 2512 usurpari,
1908 2448 1940 2495 ut
1958 2440 2103 2495 docuimus
2122 2439 2152 2492 in

454 2530 581 2597 obsclrtr's,
598 2529 656 2582 siue
671 2529 784 2599 peccati
799 2529 840 2581 ad
856 2536 984 2595 mutem,
1002 2534 1053 2582 etc.
1079 2544 1106 2584 v.
1129 2532 1175 2581 lt:
1193 2525 1290 2589 fuistis
1316 2526 1408 2581 'Irsct
1434 2527 1471 2582 de
1495 2526 1601 2597 Interp.
1627 2527 1743 2597 Script.;
1774 2543 1808 2582 ex
1835 2527 1904 2597 ipsis
1919 2545 1986 2599 ergo
2006 2524 2151 2598 apostolici

454 2614 716 2684 semiputatis.
741 2619 785 2671 te:
809 2615 925 2669 liberati
949 2632 967 2667 a
987 2621 1112 2682 perroto.
1132 2628 1158 2667 r.
1179 2617 1223 2669 19:
1246 2629 1290 2666 ec·
1317 2618 1463 2668 contextus
1486 2613 1637 2669 visceribus
1658 2614 1903 2668 demonstrandam
1926 2621 1998 2678 crat,
2025 2619 2151 2684 metaur-

454 2701 583 2754 bibuistis
610 2701 732 2753 membra
758 2701 863 2753 seruire
891 2697 996 2771 ἀνομίᾳ
1023 2703 1062 2759 rte
1087 2697 1210 2766 ἀνομίαν
1237 2705 1289 2755 etc.
1316 2699 1417 2753 micam
1445 2699 1675 2771 significationem
1705 2701 1818 2754 exclusa
1844 2701 1956 2772 propria
1980 2700 2025 2755 lsie
2049 2700 2152 2754 debers

454 2786 533 2845 Rom.
553 2793 577 2854 7,
594 2805 621 2840 v.
641 2794 671 2842 5:
696 2788 843 2857 passiones
856 2794 1035 2856 peceatomrm
1054 2786 1242 2854 operabantur
1260 2787 1291 2839 iu
1316 2800 1367 2839 nos
1385 2785 1472 2856 sequi.
1506 2785 1627 2856 Repetat
1644 2784 1830 2841 Bellarminus
1848 2802 1900 2840 sua
1919 2786 2005 2842 verbs
2021 2802 2056 2841 ex
2077 2794 2098 2842 1.
2116 2786 2152 2840 de

453 2875 590 2930 nemete.
616 2893 641 2928 v.
675 2880 702 2929 7:
730 2881 875 2943 peccatum
902 2891 960 2926 non
988 2873 1118 2943 copnoci,
1151 2873 1210 2926 nr‘si
1238 2888 1292 2940 per
1317 2869 1438 2927 sacram
1461 2872 1549 2926 Euch.
1573 2889 1597 2926 c,
1625 2877 1670 2939 tt,
1701 2872 1753 2927 col,
1776 2879 1841 2928 5¹8:
1870 2875 1935 2927 Non
1958 2889 2094 2942 nepamus
2120 2873 2152 2925 in

454 2963 549 3031 iepem.
579 2980 604 3015 r.
636 2967 666 3019 8:
701 2961 762 3014 sine
790 2960 850 3028 ispe
877 2968 1025 3030 peccatum
1056 2968 1118 3013 erat
1144 2967 1290 3014 mortuum.
1315 2959 1398 3011 uerbo
1413 2959 1490 3012 catio
1506 2959 1546 3025 (in
1564 2959 1657 3014 verbis
1674 2941 1788 3025 coenae)
1808 2976 1867 3013 esse
1884 2969 2004 3029 tropum,
2021 2961 2075 3013 sest
2094 2966 2152 3015 tro·

453 3065 479 3100 r.
506 3056 537 3104 s:
570 3064 632 3101 cum
659 3048 776 3101 emisset
801 3048 981 3115 mandatum,
1006 3055 1152 3116 peccatum
1181 3046 1289 3100 coemit.
1312 3061 1382 3113 pum
1400 3046 1504 3100 ibidem
1522 3046 1680 3099 durissime
1698 3045 1881 3115 applicatum,
1907 3047 2039 3115 quotide
2057 3053 2153 3115 tropo,

452 3150 479 3190 r.
507 3140 552 3189 it:
577 3142 724 3204 peccatum
750 3135 863 3187 seducit
888 3150 939 3186 me.
965 3150 992 3187 r.
1024 3138 1067 3188 13:
1092 3140 1236 3203 peccautm
1259 3140 1290 3184 ut
1316 3131 1367 3199 qui
1389 3133 1567 3186 constituitur
1593 3134 1624 3185 in
1651 3149 1716 3186 uoce
1744 3146 1859 3202 corpus,
1889 3132 1949 3185 dici
1970 3151 2027 3186 non
2044 3140 2150 3201 potest.

454 3229 594 3290 appareat
613 3228 774 3290 peceatum,
796 3235 852 3289 per
875 3220 973 3272 bonum
996 3220 1067 3272 mibi
1084 3227 1230 3289 operam
1249 3227 1290 3272 est
1316 3222 1344 3270 3.
1364 3218 1515 3287 Scriptura
1532 3220 1613 3272 docet
1626 3226 1747 3287 peccata
1766 3221 1886 3288 proprie
1909 3219 1988 3272 dicta
2003 3236 2068 3273 uere
2087 3218 2154 3274 tolli

453 3315 582 3373 mortem,
610 3314 643 3360 ut
667 3308 722 3377 fiat
750 3322 839 3376 snpra
871 3308 982 3360 momrm
1003 3322 1125 3375 peccans
1147 3323 1202 3377 per
1225 3322 1290 3376 pec·
1316 3303 1346 3357 in
1362 3305 1573 3376 implicatione,
1590 3322 1641 3360 nec
1659 3307 1750 3360 mimos
1763 3314 1879 3372 constat,
1897 3306 2153 3376 concupiscentiam

454 3403 554 3448 cumen.
577 3410 603 3447 v.
626 3399 669 3449 ll:
693 3409 744 3461 epo
764 3394 941 3445 oenrmdatus
962 3393 1013 3445 sub
1029 3401 1183 3463 peccatum.
1203 3412 1229 3447 v.
1251 3399 1290 3448 11.
1316 3389 1346 3443 in
1364 3392 1570 3462 justificatione
1592 3411 1648 3447 non
1672 3392 1744 3451 tolli.
1787 3394 1868 3462 kbpo
1891 3394 1954 3447 loca
1975 3393 2151 3463 Scripturas,

455 3487 483 3536 et
500 3485 547 3535 20:
580 3481 657 3549 quod
682 3480 790 3532 tatum
819 3479 849 3531 in
874 3495 918 3532 me
940 3488 1096 3547 peecatum.
1124 3495 1150 3534 r.
1170 3484 1214 3534 23:
1247 3479 1291 3533 lec
1317 3493 1390 3548 puae
1415 3480 1668 3548 concupiscentiam
1688 3487 1788 3533 cocant
1808 3487 1970 3548 peccatum,
1996 3480 2152 3549 improprie

451 3567 566 3637 peccati
578 3567 610 3618 in
628 3564 763 3618 membris.
779 3581 807 3616 v.
821 3571 870 3618 25:
888 3581 974 3617 corne
992 3566 1082 3617 sertio
1101 3565 1158 3634 ispi
1169 3567 1290 3636 peccati.
1316 3566 1481 3632 seponenda
1506 3581 1566 3618 esse
1590 3582 1624 3619 es
1650 3566 1722 3635 ipsis
1750 3564 1909 3634 Scriptus-is
1932 3573 2050 3619 constat.
2097 3566 2152 3621 Ro·

454 3652 534 3707 Rom.
563 3657 593 3720 8,
620 3669 645 3703 r.
675 3657 704 3705 2:
732 3651 776 3703 les
806 3651 930 3720 &intus
956 3652 1087 3705 liberarit
1113 3669 1156 3705 me
1184 3671 1203 3706 a
1232 3652 1291 3721 ispe
1316 3650 1501 3719 spondemus:
1533 3666 1609 3705 error
1636 3649 1795 3705 cumulatur
1824 3667 1922 3706 errore.
1971 3651 2092 3707 Peccata
2121 3651 2151 3706 in

452 3740 574 3810 peccati,
599 3755 626 3792 r.
646 3742 688 3792 'or'
704 3739 850 3790 damnavit
863 3746 1010 3806 peccatum
1027 3740 1056 3790 in
1080 3755 1174 3796 carne.
1197 3758 1224 3792 v.
1246 3746 1292 3795 to:
1317 3735 1455 3805 baptismo
1473 3753 1505 3790 sc
1520 3735 1719 3806 justificatione
1737 3736 1776 3791 its
1792 3736 1940 3800 tolluntur,
1966 3753 2022 3791 non
2047 3745 2079 3793 ut
2103 3755 2149 3810 pe

457 3844 560 3895 corpus
578 3832 716 3877 mortonem
736 3831 778 3877 est
793 3833 913 3893 proptor
927 3832 1082 3894 peccatum.
1118 3824 1223 3880 llibcra
1244 3825 1291 3881 de
1317 3823 1393 3876 nitus
1417 3839 1473 3877 non
1495 3823 1566 3891 sint,
1592 3822 1642 3878 sed
1671 3829 1779 3877 utnon
1802 3823 1980 3894 imputentur.
2022 3824 2150 3880 Christus

457 3912 521 3966 suit.
541 3917 686 3965 comment
705 3910 734 3963 in
747 3908 833 3964 Hebr.
855 3916 898 3965 tt:
918 3910 1177 3980 Gonosspssccrtiom
1196 3915 1292 3966 carnis
1317 3909 1391 3963 tollit
1407 3917 1552 3980 peecatum
1575 3910 1722 3981 originale,
1748 3917 1780 3965 st
1802 3927 1870 3966 num
1894 3910 1922 3964 id
1945 3918 2095 3982 propterea
2115 3929 2151 3970 ex

368 4004 395 4050 v.
410 4005 442 4049 11.
457 4001 591 4051 attererem
612 3996 749 4065 Spiritum
775 3997 920 4064 apostolus
944 4013 1029 4065 saepe
1051 3997 1122 4050 solet
1144 3999 1292 4067 appellere
1318 3996 1446 4051 omnibus
1473 4003 1540 4051 actu
1566 3998 1677 4066 penitus
1705 3997 1866 4053 sublatum?
1906 3989 2164 4070 Anubuptistioum'

453 4092 608 4155 peecatum.
649 4080 835 4137 Bellerminus
858 4081 920 4134 libr.
947 4088 970 4137 5.
997 4082 1032 4137 de
1055 4082 1146 4140 omiss.
1165 4090 1236 4156 grat.
1265 4093 1293 4141 et
1318 4081 1370 4136 hoc
1396 4088 1445 4137 est.
1481 4083 1567 4137 Plura
1589 4082 1642 4137 hac
1664 4083 1700 4137 dc
1725 4100 1755 4139 re
1780 4100 1831 4137 suo
1852 4084 1922 4139 loco.
1967 4090 1990 4139 t.
2019 4087 2151 4141 Testatur

458 4176 520 4225 stet
539 4167 647 4240 measti
665 4183 688 4220 c.
708 4174 731 4222 5.
754 4168 806 4222 col.
825 4173 889 4222 ³672
908 4169 1063 4236 Apostolus
1080 4168 1158 4224 Rom.
1179 4177 1203 4239 6,
1220 4188 1246 4226 r.
1267 4177 1291 4230 1.
1318 4169 1464 4238 apostolus
1490 4171 1542 4224 boc
1561 4178 1710 4238 peccatum
1738 4186 1797 4223 esse
1823 4171 1853 4223 iu
1879 4188 2010 4241 corpore,
2037 4192 2093 4227 non
2122 4173 2153 4227 in

452 4255 708 4326 consupiscentiam
737 4253 842 4321 comis,
874 4270 957 4321 pam
983 4254 1014 4305 in
1038 4271 1067 4306 se
1091 4272 1198 4325 quoque
1222 4258 1291 4327 ipse,
1318 4264 1415 4309 mente.
1459 4255 1539 4309 Rom.
1564 4263 1594 4322 6,
1622 4275 1647 4310 r.
1667 4260 1713 4311 12:
1743 4258 1894 4310 Peccatum
1915 4274 1971 4310 non
1998 4268 2095 4328 repnet
2120 4261 2152 4314 in

455 4343 582 4412 motois
593 4340 768 4409 jsutifioatus
786 4346 814 4392 et
830 4347 953 4407 sanctus,
972 4342 1175 4409 aperiebatur,
1191 4360 1290 4412 pecce-
1317 4343 1434 4396 mortali
1451 4349 1542 4395 oestro
1562 4359 1687 4411 corpore.
1717 4341 1796 4396 Rom.
1815 4349 1839 4411 7,
1858 4361 1883 4399 r.
1905 4350 1949 4400 18:
1968 4363 2023 4398 non
2042 4346 2154 4400 bottas

455 4436 511 4482 mm
528 4432 690 4495 frrpsenter
715 4426 852 4495 appellat.
890 4424 985 4480 Firma
1009 4425 1096 4496 igitur
1118 4427 1204 4482 stabit
1226 4445 1290 4484 con-
1317 4428 1347 4480 in
1366 4446 1418 4497 mc,
1436 4428 1488 4483 hoc
1512 4434 1566 4491 est,
1591 4430 1620 4482 in
1646 4446 1732 4482 carne
1760 4446 1822 4482 mea
1845 4430 1951 4484 bonum.
1992 4431 2061 4484 Jam
2085 4449 2153 4485 cero

456 4513 559 4581 clusio,
579 4510 831 4581 concupiscentiam
849 4526 908 4566 esse
926 4527 991 4567 rere
1010 4518 1039 4567 et
1056 4513 1166 4583 proprie
1184 4514 1290 4570 dictum
1314 4523 1460 4582 peccatum
1475 4515 1596 4584 proprie
1607 4515 1712 4570 dictim
1730 4533 1785 4570 eon
1799 4523 1963 4584 potestesse
1981 4516 2155 4587 incorpore,

456 4606 612 4671 peccatum.
647 4595 793 4650 'rannerus
811 4595 869 4650 Jes.
886 4612 972 4651 exam.
993 4598 1072 4653 relat.
1093 4598 1186 4653 Hunn.
1206 4617 1230 4656 c.
1252 4608 1290 4658 13.
1316 4603 1369 4654 sesi
1394 4603 1424 4654 in
1450 4609 1556 4670 mentm·
1585 4602 1625 4654 ibi
1648 4601 1720 4654 enim
1743 4609 1784 4656 est
1810 4602 1964 4673 injustitiis,
1987 4604 2035 4657 ubi
2057 4612 2155 4674 potest

456 4681 485 4760 ᾖ.
505 4684 555 4739 sed
578 4682 658 4754 quis:
695 4683 868 4736 Sceleratum
887 4690 943 4752 est,
968 4685 1081 4737 modum
1104 4685 1240 4753 loquendi
1265 4696 1291 4741 et
1317 4688 1419 4741 babere
1438 4689 1530 4742 iocum
1542 4687 1672 4757 justitio,
1695 4689 1759 4757 quis
1777 4704 1843 4742 omo
1863 4690 2000 4756 iustitium
2015 4699 2104 4761 ponet
2120 4693 2154 4746 irs

450 4771 554 4841 ‚proed
574 4787 633 4823 resn
652 4768 744 4837 ipsum
762 4785 855 4821 oerum
874 4777 901 4822 et
916 4786 972 4838 per
993 4787 1023 4823 ee
1044 4770 1208 4840 Scripturas
1227 4774 1291 4827 imi·
1318 4775 1446 4828 membris
1462 4776 1580 4828 cornis!
1615 4775 1696 4844 Erpo
1714 4782 1809 4844 operte
1832 4775 1975 4845 sipriticot
1997 4779 2155 4849 apostolus,

455 4859 557 4911 tantem
583 4864 716 4923 tanetum
739 4854 929 4923 busptemum
955 4863 981 4909 et
998 4856 1159 4911 inauditum
1175 4866 1291 4927 porten-
1317 4860 1570 4931 concupiscentiam
1586 4878 1643 4914 non
1656 4862 1785 4930 proprie,
1804 4864 1855 4914 sed
1865 4864 1992 4930 fipurote
2011 4880 2071 4917 esse
2084 4883 2156 4933 pec-

456 4951 513 4997 tam
531 4944 702 4996 traducere·
724 4963 728 4972 ·
1317 4957 1416 5002 catum.
1451 4948 1676 5018 Respondemus:
1703 4947 1815 5001 nomine
1832 4947 1923 5002 earnis
1941 4949 2081 5019 apostolus
2098 4950 2156 5006 hoc

492 5035 533 5085 ³9.
573 5027 685 5099 Excipit
708 5025 893 5080 Belltminm
917 5025 965 5082 lib·
992 5033 1016 5083 5.
1041 5027 1077 5083 de
1101 5028 1191 5084 amitt.
1217 5038 1290 5103 gret
1317 5035 1378 5089 loco
1402 5051 1459 5088 non
1483 5034 1615 5105 intelligit
1642 5038 1752 5088 tantum
1778 5048 1892 5104 corpus,
1917 5034 1964 5089 vel
1990 5035 2156 5092 sensitivam

456 5121 485 5170 st
504 5121 567 5169 stat.
584 5132 662 5185 pecc.
681 5130 703 5170 c
728 5119 771 5169 to:
795 5114 865 5166 Tum
883 5112 1022 5182 inserto,
1047 5122 1104 5168 tum
1126 5117 1156 5169 in
1173 5118 1291 5187 septimo
1317 5119 1480 5191 appetitum,
1498 5120 1544 5175 vel
1561 5118 1719 5175 inferiorem
1739 5125 1833 5189 (quam
1855 5118 1896 5174 ita
1911 5128 2022 5184 vocant)
2040 5121 2156 5178 animae

455 5201 548 5270 eapite
565 5202 679 5270 saepius
696 5200 949 5269 concupiscentiam
966 5201 1115 5269 appellari
1132 5213 1291 5275 peccatum,
1316 5213 1432 5278 partem
1451 5205 1502 5261 scd
1518 5223 1580 5262 sese
1600 5213 1704 5274 totum,
1728 5209 1865 5276 quatenus
1892 5206 1982 5262 adhuc
2002 5207 2054 5263 sub
2074 5214 2156 5264 retu·

455 5289 509 5340 sed
529 5288 697 5356 improprie,
717 5303 772 5356 per
795 5289 916 5354 fipuram
935 5289 1131 5358 metonymiam
1159 5294 1237 5360 quod
1254 5268 1388 5369 sitistate
1413 5293 1505 5347 caruis
1533 5299 1575 5348 est
1600 5292 1782 5364 constitutus,
1808 5292 1855 5347 rel
1878 5300 1911 5348 ut
1936 5293 1999 5364 ipse
2021 5294 2156 5366 loquitur,

455 5390 543 5426 eausa
557 5374 684 5441 precati,
708 5373 736 5425 si
759 5373 786 5425 ei
803 5374 958 5427 obediatur.
992 5372 1220 5443 Respondemus:
1248 5376 1445 5504 repromittis
1463 5389 1489 5434 st
1505 5381 1556 5434 sub
1570 5388 1719 5449 peccatum
1733 5382 1911 5438 renundatus
1922 5380 2000 5436 Rom.
2022 5388 2046 5458 t,
2064 5399 2091 5438 r.
2108 5389 2158 5450 lli,

454 5457 575 5530 petimus
596 5458 721 5528 regulam
745 5458 871 5528 superius
894 5457 1040 5527 traditam,
1068 5477 1124 5514 uon
1150 5460 1235 5519 licere
1260 5464 1290 5518 in
1316 5467 1392 5538 quod
1417 5468 1509 5538 ipsum
1530 5483 1580 5521 suo
1607 5467 1668 5522 loco
1694 5465 1807 5522 uberius
1825 5467 2061 5526 confirmabimus.
2096 5467 2159 5528 *Re-

453 5543 579 5600 articulis
595 5541 662 5598 fidei
679 5543 822 5600 discedere
841 5560 859 5598 a
875 5544 1044 5614 proprietate
1061 5545 1217 5612 verborum,
1235 5550 1290 5606 nisi
1315 5558 1394 5624 petat
1417 5552 1601 5608 Bellarminus
1630 5568 1682 5607 sus
1705 5552 1792 5608 rerba
1812 5569 1847 5606 ex
1874 5553 1922 5609 lib.
1948 5560 1971 5610 5.
1997 5555 2033 5610 de
2059 5553 2157 5611 amba

453 5631 515 5703 ipss
548 5629 693 5701 Scriptura
726 5630 855 5686 ostendat
888 5630 1137 5702 improprietatem,
1172 5649 1290 5707 samque
1315 5638 1422 5709 gutiae
1439 5645 1469 5694 et
1485 5645 1552 5695 stat.
1568 5653 1647 5710 pecc.
1664 5655 1688 5693 o.
1709 5644 1755 5694 ibt
1785 5639 1889 5693 Vitium
1907 5639 2158 5712 concupiscentius

453 5718 572 5790 ipsomet
588 5722 717 5790 exponat
745 5716 872 5772 Proierat
887 5716 974 5790 igitur
987 5717 1171 5774 Bcllarminus
1187 5737 1289 5778 causas
1310 5723 1490 5794 meeum
1504 5726 1611 5780 residet
1625 5726 1657 5779 irs
1675 5741 1776 5795 carne,
1798 5726 1850 5780 boc
1868 5734 1925 5794 est,
1950 5728 1981 5781 in
1992 5735 2084 5798 parts
2101 5729 2158 5783 iso·
