5017 6675
937 561 989 617 DE
1009 560 1182 619 Paconio
1202 562 1414 621 calcitani.
1961 578 2020 637 itt

319 711 408 768 randi
438 718 658 787 παρακείμενον,
688 712 755 784 quia
782 713 906 784 proxime
930 715 1011 770 nobis
1037 716 1155 787 adjacet
1186 736 1234 785 ripe
1252 716 1400 793 ripnpriar.
1435 717 1526 775 Idem:
1559 719 1638 774 Venit
1656 719 1741 773 666667
1760 720 1898 791 circen,
1915 720 2022 777 6666666

319 799 406 854 Hebr.
427 805 467 869 12,
486 817 512 852 v.
533 806 554 855 7.
582 805 695 854 vocatur
712 798 834 873 ἁμαρτία
858 796 1067 870 i'iriepicrarcc,
1092 803 1158 874 quia
1183 812 1310 858 noctram
1342 812 1494 873 paternam
1524 804 1755 875 chirographum,
1790 808 1867 875 quod
1899 807 2015 879 ccripcit

319 886 446 956 undique
479 901 573 940 omnes
603 884 676 939 vires
703 892 731 941 et
757 892 845 941 totuin
869 886 1007 942 hominem
1031 898 1156 960 occupat,
1184 891 1288 955 Adam,
1306 890 1355 943 iiic
1372 890 1483 943 initium
1501 889 1611 943 inducit
1630 890 1727 955 debiti,
1745 893 1916 957 acescentis
1934 895 2016 948 auai-

321 972 402 1044 eique
421 971 598 1026 tenacissime
615 969 747 1027 inhaeret.
783 972 918 1038 (Varium
932 979 1011 1031 notat
1027 981 1156 1047 nrpiara-
1183 993 1243 1028 rnnr
1265 975 1466 1044 parteriocibm
1487 976 1614 1042 pcccatie
1633 982 1685 1029 etc.
1719 977 1817 1031 Adam
1833 977 1943 1045 prandi
1963 996 2015 1034 suo

319 1074 364 1111 air
398 1057 557 1130 significare
587 1061 690 1127 etiarn
718 1058 894 1127 πανιαχόθεν
926 1066 966 1121 iic
998 1060 1157 1128 ἀδημονίαν
1179 1069 1296 1129 paccata
1326 1077 1405 1116 crnne
1432 1077 1518 1129 ponar
1545 1060 1694 1115 cumanam
1723 1063 1753 1116 in
1784 1080 1927 1117 commane
1964 1067 2015 1119 da·
2117 1102 2120 1107 -

318 1143 504 1214 riariyooaar,
541 1149 571 1199 et
597 1143 765 1214 particulam
793 1140 823 1198 εὖ
854 1146 982 1216 usurpari
1012 1145 1074 1201 cirri
1107 1151 1155 1203 rai
1183 1147 1295 1202 mnarit
1347 1146 1426 1201 Idem
1457 1146 1549 1201 homil
1578 1152 1621 1203 ic.
1649 1147 1679 1202 in
1712 1152 1734 1202 1.
1764 1146 1828 1205 Cor.
1858 1156 1940 1205 vocat
1968 1169 2016 1205 ra-

318 1230 779 1303 iapi,·puic)v.15.diciturradiu
799 1232 1031 1300 amaritudinum,
1047 1250 1155 1304 semper
1181 1233 1275 1286 6176676
1301 1222 1456 1301 peccatrici
1498 1232 1622 1287 Anselin
1656 1232 1691 1289 de
1719 1248 1794 1289 conc.
1825 1234 1895 1306 virg.
1927 1253 1952 1291 6.
1984 1242 2016 1293 26
2030 1243 2129 1287 16363.

317 1318 392 1371 enim
411 1333 521 1371 sursum
538 1316 675 1386 germinat
692 1315 844 1371 etvitiosos
864 1317 1002 1388 protrudit
1018 1319 1151 1375 stolones.
1185 1320 1256 1372 Tota
1288 1326 1393 1373 natura
1426 1319 1550 1373 hamana
1577 1319 1721 1387 infirmata
1749 1328 1775 1375 et
1802 1330 1939 1390 corrupta
1969 1330 2017 1377 666.

317 1401 397 1456 Boin.
410 1408 436 1471 6,
453 1421 478 1457 r.
498 1408 522 1458 6.
535 1401 636 1456 dicitur
654 1419 756 1470 corpur
771 1405 892 1470 peccati}
911 1404 957 1457 cui
969 1421 1019 1458 sua
1031 1404 1154 1460 membra
1180 1402 1258 1458 Idem
1276 1405 1380 1474 pesaim
1396 1411 1478 1459 vocat
1496 1404 1628 1459 narnrair
1647 1413 1794 1472 peccatum
1811 1412 1840 1460 et
1864 1408 2013 1465 terminum

318 1487 494 1556 tribunatum
522 1486 581 1544 coi.
600 1492 630 1555 3,
655 1503 681 1541 v.
700 1494 723 1542 5.
751 1487 854 1542 dicitur
879 1488 962 1543 etiam
979 1498 1055 1543 vatia
1075 1492 1154 1546 honio
1180 1488 1259 1542 illum
1294 1496 1369 1544 recte
1403 1489 1524 1561 exponit.
1577 1488 1741 1545 Scholastici
1776 1499 1923 1547 recensent
1951 1500 2015 1549 ueto

317 1573 394 1630 Rom.
415 1580 440 1642 6,
457 1590 483 1628 r.
502 1579 525 1630 6.
544 1582 672 1628 enitemur
690 1573 771 1627 homo
792 1580 815 1628 2.
829 1573 892 1629 Cor.
904 1581 929 1642 t,
947 1592 972 1630 v.
996 1580 1035 1632 16.
1047 1577 1153 1632 ratione
1179 1573 1393 1644 appellationem
1423 1580 1446 1631 1.
1465 1579 1580 1629 vocatur
1604 1575 1648 1628 len
1672 1576 1775 1630 carnia.
1811 1580 1839 1631 2.
1865 1578 2017 1633 Peccatiiris

318 1660 392 1714 euim
424 1659 525 1715 veteris
555 1666 665 1715 normae
695 1658 880 1730 generationis
918 1659 971 1716 hoc
1008 1669 1152 1732 peccatum
1181 1660 1328 1728 oripinaie.
1376 1663 1402 1714 3.
1430 1658 1671 1729 Concupiscentia.
1711 1665 1736 1715 d.
1760 1662 1878 1739 Pana..
1908 1668 1935 1718 6.
1962 1664 2017 1733 Tp-

317 1763 413 1802 cmnes
435 1753 543 1801 normas
561 1746 648 1811 vires,
678 1746 770 1801 omnia
792 1745 929 1814 membra,
954 1747 1080 1819 adeoque
1102 1764 1151 1803 nos
1180 1764 1295 1802 rannac.
1320 1746 1620 1801 dliccmembrcram.
1646 1752 1669 1803 7.
1686 1749 1744 1801 Lea
1754 1756 1882 1805 naturae.
1906 1753 1930 1803 8.
1944 1750 2017 1805 oan-

318 1839 394 1887 totos
415 1832 569 1904 occupavit.
588 1831 666 1888 Rom.
687 1839 715 1898 7,
739 1850 764 1885 v.
792 1837 833 1887 23.
856 1831 959 1886 dicitur
974 1833 1021 1887 766
1043 1836 1157 1903 pcccati
1179 1832 1391 1900 cupieaibilitas
1419 1829 1503 1887 Luth.
1522 1839 1605 1887 vocat
1618 1842 1769 1902 paccatum
1785 1835 2016 1905 hccrcditcriurii,

321 1920 350 1972 r'n
365 1919 509 1988 membris,
534 1918 658 2016 captivos
685 1916 758 1971 enim
773 1934 825 1971 noa
845 1916 922 1971 ducit
940 1924 968 1974 et
985 1934 1087 1990 magno
1105 1920 1153 1975 im-
1181 1919 1311 1986 capitale,
1325 1918 1491 1987 principale
1511 1924 1563 1974 etc.

318 2012 386 2074 potu
414 2004 452 2058 ad
482 2005 570 2059 omnis
597 2003 707 2076 generis
736 2003 859 2058 actualia
885 2009 1000 2074 peccata
1027 1987 1168 2085 impellit}
1215 2009 1253 2059 66.
1295 2004 1382 2057 Porio
1407 2003 1473 2073 quia
1496 2008 1654 2073 peceatum,
1679 2003 1732 2058 hoe
1759 2010 1801 2059 est
1823 2004 2016 2059 absconditum
2030 2013 2121 2057 666661-

273 2102 277 2111 ·
321 2096 342 2146 1.
363 2090 426 2146 Cor.
446 2097 470 2158 5,
489 2109 515 2145 v.
534 2097 557 2147 6.
570 2090 673 2145 dicitur
688 2091 856 2154 fermentum
869 2091 1015 2158 antiquum
1027 2092 1154 2146 malitiae
1179 2088 1253 2142 Psal.
1278 2095 1376 2157 96‚v.
1350 2094 1425 2144 v.8
1454 2097 1479 2142 at
1502 2090 1626 2155 ipnctirrn
1648 2090 1706 2142 arci
1728 2090 1786 2144 Dei
1803 2091 1863 2158 iepe
1880 2077 2079 2145 6666767666ο
2030 2118 2114 2167 mu,
2109 2070 2140 2109 '¹'

319 2178 515 2245 “nequitiam
535 2176 767 2247 quemadmodum
781 2192 854 2231 enim
865 2175 1031 2232 fermentum
1045 2196 1167 2273 semper
1166 2175 1256 2231 Rom.
1272 2181 1296 2244 7,
1316 2194 1341 2228 v.
1361 2182 1384 2242 7,
1403 2175 1467 2229 ideo
1486 2175 1698 2242 observandum,
1716 2176 1853 2246 quomodo
1871 2175 2016 2247 Scriptum
2030 2172 2135 2263 ΡἭ,

320 2260 419 2316 ebullit
436 2268 465 2317 et
483 2269 570 2317 totam
587 2278 706 2316 massam
728 2261 891 2332 fermentet,
917 2263 958 2317 ita
975 2280 1086 2335 quaque
1101 2250 1167 2320 hori
1179 2264 1209 2315 rii
1229 2261 1302 2316 εῖναι
1320 2261 1395 2316 illius
1413 2261 1553 2317 describat
1570 2267 1599 2317 et
1614 2263 1674 2331 ejus
1691 2262 1912 2333 magnitudinem
1933 2279 2014 2334 exag-
2032 2276 2104 2322 ptura

320 2352 464 2417 peccatum
483 2352 556 2402 totos
575 2365 626 2402 noa
644 2348 804 2418 corrumpit.
1165 2342 1272 2423 'geret3
1291 2354 1397 2402 certum
1415 2347 1488 2400 enim
1509 2352 1559 2415 eet,
1577 2363 1633 2401 non
1652 2347 1781 2418 cognosci
1794 2348 2015 2419 magnitudinem

258 2456 302 2546 ²1¹1..
353 2438 394 2488 66.
435 2432 584 2489 Observari
607 2433 691 2488 etiam
716 2440 832 2502 possunt
855 2434 1055 2503 appellationes
1080 2443 1153 2492 vete-
1165 2434 1285 2504 366666
1310 2449 1361 2503 per
1384 2432 1524 2487 Christum
1548 2432 1628 2487 nobis
1651 2432 1816 2503 praestitae,
1839 2434 1893 2488 nisi
1915 2451 2017 2506 cogno·

266 2518 387 2598 ¹rnm,
406 2518 509 2589 quibus
529 2518 663 2590 originale
678 2527 824 2590 peccatum
837 2519 1005 2578 deacribunt.
1024 2464 1274 2597 Ignatiurircrrur
1290 2519 1454 2590 magnitudo
1469 2519 1585 2589 peccati
1626 2518 1669 2574 Ex
1686 2519 1776 2574 morbi
1792 2520 1915 2589 periculo
1935 2520 2016 2577 aesti-

257 2620 295 2657 i*
320 2605 397 2674 epist
418 2604 455 2659 ad
473 2604 545 2658 Tral
567 2611 649 2659 vocat
667 2606 812 2674 antiquam
837 2607 1015 2675 impietatem.
1051 2607 1168 2663 Justiri.¹
1179 2614 1270 2659 matur
1289 2605 1442 2660 medicinae
1462 2604 1592 2675 pretium.

257 2673 307 2753 ri„
320 2690 346 2743 iu
365 2690 430 2745 dial.
449 2708 513 2745 cum
532 2691 652 2761 Tryph:
672 2694 687 2744 l
690 2693 822 2746 'eccando
837 2694 933 2747 Adam
945 2666 1168 2793 portrroaaaari
1224 2697 1264 2746 76.
1309 2692 1461 2746 Peccatum
1493 2708 1559 2760 ergo
1595 2689 1731 2760 originale
1760 2689 1800 2743 ita
1836 2688 2017 2747 describitur:
2009 2692 2107 2739 ¹¹·lst

320 2778 403 2829 morti
425 2776 557 2844 nidjecit,
584 2785 610 2828 et
634 2777 778 2831 uniuersae
802 2779 867 2831 huic
893 2779 996 2833 delicto
1022 2781 1154 2834 obnoxior
1181 2782 1204 2833 i.
1222 2778 1298 2848 qued
1317 2778 1354 2833 eit
1371 2777 1490 2848 privatio
1507 2793 1557 2831 seu
1576 2750 2134 2846 (767666666666766616616616166ἷζὲωςιξ..ι

320 2862 453 2916 rcrldidit
488 2860 561 2915 Iren
578 2860 627 2915 lib.
646 2868 670 2917 5.
692 2869 789 2917 contra
807 2863 912 2920 haeres
940 2874 1020 2919 cocat
1044 2867 1155 2934 antiqui
1179 2863 1330 2934 originalis.
1365 2864 1492 2917 Adamus
1509 2861 1572 2916 ad
1564 2860 1715 2931 imaginem
1732 2859 1785 2915 Dei
1804 2860 1983 2930 conditus,
1969 2879 2063 2944 ιιι-ω,
2028 2852 2102 2895 “⁰¹''

319 2949 454 3018 uiperitie
481 2948 608 3017 plapam.
653 2948 746 3010 Idem.
778 2951 898 3005 vinculis
930 2952 1015 3006 Adae
1041 2952 1155 3020 alligati
1179 2948 1256 3004 stitia
1277 2956 1306 3005 et
1333 2949 1480 3003 sanctitate
1500 2963 1568 3002 vera
1591 2953 1651 3001 erat
1668 2952 1793 3012 ornatus,
1818 2946 1869 3001 sed
1885 2963 1937 3017 per
1951 2904 2130 3017 poa-iiim
2080 2956 2137 2997 uri-

319 3052 428 3089 srarnur
457 3035 570 3088 nrornri.
612 3033 775 3090 Tertullian.
802 3042 884 3090 vocat
909 3038 980 3092 nati
1002 3008 1271 3093 tractarenicatum
1288 3034 1337 3089 illa
1359 3035 1433 3089 dona
1449 3033 1554 3102 amisit,
1577 3032 1643 3088 inde
1662 3032 1745 3088 etima
1764 3033 1824 3103 ejus
1844 3030 1948 3103 posteri
1964 3048 2014 3089 ua·

319 3119 450 3192 cyprian.
475 3120 523 3175 lib.
549 3126 572 3177 3.
598 3120 677 3190 epist.
702 3126 725 3177 8.
754 3128 835 3177 vocat
860 3123 984 3179 alienum
1006 3096 1293 3194 parmanircuntur
1318 3121 1444 3176 destituti
1470 3119 1519 3174 illa
1537 3118 1591 3174 Dei
1615 3118 1753 3190 imagine,
1780 3124 1809 3174 et
1830 3135 1887 3173 non
1909 3118 2016 3175 habent

320 3206 395 3278 (quia
412 3205 451 3260 ab
468 3205 525 3261 alio
540 3205 569 3258 in
589 3222 639 3261 nos
657 3210 851 3277 propagatum,
871 3224 926 3263 non
939 3176 1233 3282 quodomnibusivim
1257 3224 1306 3265 scu
1332 3208 1405 3263 dona
1429 3205 1567 3261 efficiendi
1588 3206 1727 3276 juctitiiini
1750 3203 1922 3275 spiritualem
1945 3220 2014 3277 erga

318 3293 405 3348 modis
437 3308 455 3346 a
480 3290 561 3347 nobie
588 3290 625 3346 ait
651 3292 794 3362 alienum).
839 3293 910 3354 Ibid.
938 3303 1021 3353 vocat
1047 3298 1151 3353 malari
1177 3294 1269 3366 legem
1293 3294 1347 3351 Dei
1374 3310 1425 3350 nec
1449 3293 1478 3348 in
1503 3300 1595 3349 mente
1620 3309 1672 3348 nec
1690 3291 1720 3347 in
1738 3290 1883 3348 voluntate
1907 3306 1959 3346 nec
1984 3291 2014 3346 in

318 3380 510 3447 domesticum,
536 3379 697 3445 cantapiam
719 3381 818 3433 martie
836 3383 967 3450 antiquar
986 3385 1083 3453 prima
1101 3404 1151 3440 na-
1176 3382 1268 3449 corde,
1288 3381 1315 3436 6
1333 3399 1356 3438 e.
1373 3397 1468 3435 veram
1483 3380 1663 3450 agnitionem,
1683 3380 1817 3448 timorem,
1835 3375 2012 3433 (6766666676

317 3467 423 3519 arctato
447 3472 627 3520 contractam.
669 3464 776 3521 Arncb.
803 3472 826 3523 1.
857 3475 930 3524 cont
956 3476 1030 3540 gent
1058 3488 1085 3541 p.
1111 3476 1152 3527 26.
1178 3468 1240 3536 Dei,
1260 3467 1392 3524 fiduciam
1410 3481 1478 3538 siga
1490 3466 1582 3520 Deum
1602 3471 1631 3520 et
1648 3461 2012 3535 perpeturmobcriieutirm

317 3556 396 3607 rocat
412 3550 588 3616 infirmitatis
601 3552 741 3619 inperitiae
755 3553 860 3609 vitiam.
888 3554 976 3609 Hilar.
989 3556 1074 3611 inPa.
1093 3562 1151 3613 iit:
1178 3554 1302 3610 omnium
1322 3550 1423 3609 virium
1440 3567 1505 3608 eum
1522 3568 1620 3606 norma
1642 3550 1713 3622 legis
1730 3548 1841 3604 divinae
1861 3563 2016 3620 congruen-

316 3639 365 3692 rrid
385 3638 502 3707 peccati
529 3637 637 3704 cripine
663 3646 688 3691 et
711 3639 760 3691 rat
779 3642 892 3708 pcccati
914 3642 974 3709 lepo
1000 3644 1151 3698 nascimur.
1178 3647 1234 3695 tem
1252 3657 1309 3696 non
1328 3643 1446 3710 possunt
1463 3655 1513 3710 per
1535 3645 1651 3692 naturae
1671 3637 1744 3690 vires
1763 3640 1912 3706 praestare.

316 3728 372 3777 67.
387 3721 632 3776 mathematica
639 3741 694 3792 pcr
705 3726 892 3779 conditionem
905 3729 1056 3783 communic
1073 3731 1153 3784 nobie
1214 3734 1254 3783 77.
1289 3726 1325 3782 Id
1347 3725 1491 3796 Scriptura
1516 3725 1609 3792 dccet,
1637 3722 1750 3794 quando
1774 3720 1878 3777 homini
1902 3717 2016 3774 animali

318 3809 439 3877 oripinir
463 3827 496 3861 ne
525 3809 596 3878 speie
616 3809 729 3877 quidem
754 3812 892 3879 apostolic
916 3814 1018 3879 defuit.
1054 3815 1152 3873 Ambr.
1178 3813 1301 3869 detrahit
1331 3812 1484 3882 potentiam
1512 3809 1687 3881 intelligendi
1716 3807 1809 3863 Deum
1837 3811 1867 3861 et
1894 3805 2016 3861 faciendi

315 3893 874 3966 intpolog.David.c.11:iAntnqaam
892 3900 1042 3968 ncecirnur,
1059 3919 1151 3956 rnaca-
1180 3901 1290 3956 bonum.
1326 3898 1403 3953 Rom.
1424 3904 1448 3964 3,
1466 3915 1493 3953 v.
1514 3903 1559 3954 ic:
1586 3915 1642 3950 non
1662 3903 1702 3950 eat
1715 3887 1819 3963 juctan
1840 3909 1866 3947 v.
1888 3897 1933 3947 ii:
1961 3910 2017 3946 non

315 3981 410 4036 laria
438 3980 569 4048 cantapia
576 4000 588 4045 ,·
617 3988 766 4050 antequam
794 3999 908 4036 usuram
936 3984 1007 4039 lucis
1034 3987 1153 4055 oripinie
1179 3994 1219 4041 art
1235 3985 1396 4052 intelligent
1420 4001 1470 4038 nec
1486 3983 1634 4052 requirerer
1651 3984 1752 4035 Deum.
1776 3997 1801 4036 r.
1823 3984 1869 4035 18:
1895 3995 1953 4034 nori
1975 3987 2016 4032 ort

316 4067 407 4138 ipeiue
424 4066 579 4135 irapinas
596 4067 742 4135 injuriam,
761 4067 791 4120 r'n
808 4068 954 4137 iniquitate
972 4073 1154 4142 cmicrpimar.
1179 4075 1263 4126 timor
1280 4072 1341 4126 Dei
1362 4079 1426 4126 anta
1449 4070 1545 4125 666766
1568 4085 1671 4123 aarum.
1699 4085 1724 4121 v.
1742 4071 1788 4122 23:
1816 4071 1897 4133 cpont
1920 4065 2017 4134 gloria

315 4152 360 4209 De
378 4151 491 4208 Daride
509 4151 590 4207 dicit:
611 4152 723 4206 Meriito
736 4154 868 4222 flebiliter
885 4157 1045 4228 deploravit
1062 4160 1153 4229 ingai-
1180 4160 1246 4212 Dei.
1277 4163 1299 4213 1.
1319 4155 1382 4212 Cor.
1401 4162 1431 4225 2,
1452 4173 1477 4210 r.
1498 4161 1543 4212 14:
1563 4154 1697 4210 animalie
1719 4153 1800 4206 hamc
1817 4169 1874 4206 nori
1890 4151 2017 4221 percipit

315 4247 450 4292 namma
468 4247 594 4292 naturae.
622 4237 695 4292 Ibid.
717 4239 777 4308 ipim
798 4247 903 4308 parteis
926 4241 1007 4298 766666
1022 4247 1153 4314 cantapia
1180 4262 1226 4311 aa,
1252 4260 1324 4314 pace
1346 4251 1410 4297 rant
1426 4243 1551 4312 Spiritrir
1567 4242 1640 4309 Dei,
1664 4239 1788 4294 ctaititia
1809 4237 1882 4292 enine
1904 4243 1945 4290 est
1960 4233 2016 4299 ilii,

315 4343 377 4378 sira.
414 4322 519 4380 Contra
542 4323 657 4380 Novati
685 4324 752 4394 Ipce
777 4334 855 4380 ortae
880 4329 911 4382 s'ii
931 4325 1000 4384 uitio
1027 4339 1073 4389 cit.
1109 4331 1153 4387 De
1179 4338 1205 4385 ct
1223 4348 1280 4385 non
1294 4336 1386 4399 poteri
1404 4328 1571 4396 iriteilipere.
1592 4322 1690 4382 teor.
1709 4329 1733 4390 3,
1752 4341 1777 4378 ν.
1796 4330 1826 4380 b:
1847 4339 1905 4378 nori
1919 4335 2015 4374 aarum

316 4409 440 4466 Sacram.
469 4427 562 4481 regen.
610 4409 785 4465 Genitaiilrar
815 4413 966 4469 oieccrrbur
990 4417 1103 4484 insanis
1128 4427 1152 4471 ci
1178 4417 1351 4486 sufficienter
1369 4414 1493 4482 copitare
1512 4412 1625 4481 aliquid
1640 4429 1660 4465 a
1676 4409 1765 4476 nohic,
1783 4410 1911 4479 gnarior
1924 4407 2013 4462 nohir.

314 4497 484 4564 conputatur
517 4497 682 4552 delictorum
716 4498 789 4551 subit
817 4501 984 4568 cantapium.
1037 4501 1151 4559 Nazian.
1178 4500 1242 4558 doh.
1263 4507 1293 4570 7,
1309 4517 1336 4556 r.
1354 4507 1379 4556 6.
1403 4498 1474 4572 Eph.
1493 4505 1522 4566 5,
1540 4515 1567 4554 r.
1585 4502 1610 4554 8.
1630 4496 1755 4552 hominen
1774 4510 1832 4549 non
1853 4492 2012 4565 regenerati

315 4583 407 4637 ladem
432 4599 586 4653 corpor-sac
615 4583 808 4638 inundationis
832 4593 860 4639 at
885 4586 999 4641 vincula
1026 4596 1153 4644 terrenae
1178 4595 1314 4644 vocantur
1331 4578 1475 4643 76666666.
1500 4586 1637 4655 epact,
1656 4600 1682 4638 v.
1701 4581 2014 4649 l'l·⁸'mti·t'l⁰⁸‚⁸'¹¹li¹¹m⁸‘r

314 4668 474 4724 6667676663
501 4674 589 4724 vocat
616 4670 736 4742 August.
760 4669 808 4727 lib.
831 4676 855 4726 2.
883 4678 956 4730 cont
981 4673 1099 4731 coelest
1124 4683 1153 4733 et
1174 4691 1333 4745 pauperes,
1359 4673 1432 4727 nudi
1450 4680 1476 4726 ot
1499 4672 1580 4739 epona·
1596 4669 1721 4724 dicimur.
1757 4667 1806 4724 Ad
1819 4666 1946 4738 justitiae
1961 4667 2013 4721 cri·

312 4754 413 4827 reug.
433 4754 775 4811 utinamutinam
788 4759 963 4826 perditionic
980 4777 1002 4816 a
1016 4767 1058 4818 33.
1070 4769 1153 4818 vocat
1178 4761 1280 4836 ginalis
1296 4762 1426 4831 στέρησιν
1444 4756 1527 4813 etiam
1544 4755 1597 4811 hoc
1614 4756 1749 4826 pertinet,
1773 4755 1850 4828 quod
1867 4749 2014 4808 amicabile

313 4850 435 4898 natam
452 4842 557 4897 raian
575 4847 600 4898 2.
617 4849 689 4897 cont
705 4841 811 4899 Julian
846 4846 963 4900 Natura
985 4863 1018 4900 66
1043 4850 1151 4917 oripine
1178 4847 1248 4902 illud
1266 4846 1434 4902 consortium
1449 4851 1535 4915 atque
1554 4842 1738 4898 arctusimum
1756 4839 1858 4896 amoris
1873 4838 2014 4894 iiumilum

312 4929 416 4983 ri'tiuta
433 4935 481 4982 667.
517 4927 590 4983 ibid.
624 4930 774 4983 Peccatum
790 4932 867 5000 quod
885 4932 1071 5002 ingeneratur,
1084 4951 1152 5002 pcc-
1177 4933 1250 4988 intui·
1268 4932 1360 4987 Deum
1387 4938 1415 4987 et
1437 4947 1526 5001 genus
1545 4929 1696 4984 humanum
1711 4928 1750 4984 sit
1765 4927 1937 4996 disruptum,
1965 4923 2014 4994 qui

313 5016 375 5069 cati
394 5031 428 5067 66
455 5014 566 5083 eripiar
591 5016 756 5082 contaainrn.
780 5015 828 5070 lib.
853 5022 877 5071 3.
901 5016 936 5073 de
961 5034 1037 5089 pecc.
1061 5019 1150 5078 merit.
1177 5025 1242 5074 ante
1259 5017 1369 5090 lapsum
1386 5016 1506 5072 iuisiient
1523 5015 1619 5071 dilecti
1635 5015 1692 5070 Dei
1707 5013 1767 5083 filii,
1788 5011 1831 5068 illi
1847 5010 1931 5068 hodie
1948 5017 2014 5081 post

313 5118 338 5157 c.
361 5107 386 5157 3.
403 5105 488 5156 vocat
498 5101 688 5170 propapinern
705 5109 732 5156 et
750 5104 894 5157 traducem
913 5105 1040 5173 pcccati;
1064 5107 1150 5175 oripi·
1177 5106 1287 5175 lapsum
1305 5108 1371 5157 sunt
1387 5108 1488 5157 natura
1505 5099 1557 5156 filii
1573 5101 1639 5157 irae

312 5187 381 5242 nale
394 5193 542 5258 peccatum
558 5187 671 5241 ridetur
684 5188 797 5257 prinae
821 5191 990 5260 appellarer.
1027 5190 1061 5246 In
1079 5192 1150 5248 Scri-
1214 5196 1254 5246 72.
1290 5196 1314 5245 2.
1349 5190 1411 5245 Nec
1432 5205 1499 5245 vero
1515 5205 1567 5259 per
1586 5187 1696 5258 lapsum
1714 5191 1814 5242 nrturr
1829 5185 1953 5241 humana
1968 5201 2011 5241 66
2023 5208 2044 5253 2
2057 5212 2100 5254 2„

311 5273 371 5345 ptis
392 5271 592 5344 posterioribus
610 5269 660 5330 lib.
679 5278 703 5328 1.
722 5271 888 5345 hopognost.
911 5281 940 5330 et
965 5274 994 5329 in
1018 5277 1149 5332 enchirid.
1177 5276 1317 5332 lummodo
1342 5275 1462 5346 spoliate
1486 5280 1542 5341 est,
1571 5273 1621 5330 sed
1643 5272 1728 5328 etiam
1752 5273 1851 5330 miecio
1873 5261 2132 5364 corrupffissm

312 5377 337 5414 c.
364 5364 401 5414 13.
422 5364 507 5413 vocat
526 5357 656 5412 naturale
677 5361 745 5430 (qua
761 5358 949 5430 appellatione
966 5371 1081 5432 propter
1092 5363 1150 5418 Ma-
1178 5379 1249 5433 quae
1268 5361 1407 5433 corruptio
1426 5361 1561 5416 6666666676
1585 5361 1615 5416 in
1636 5359 1729 5416 locum
1744 5358 1875 5432 imaginis
1892 5359 2011 5416 divinae.

311 5443 446 5500 nichaeos
464 5443 583 5515 primuni
601 5442 794 5514 abstinuerat),
813 5463 868 5500 non
886 5447 961 5517 quod
978 5447 1015 5502 sit
1032 5448 1092 5519 ipsa
1102 5450 1150 5505 ho·
1177 5447 1258 5504 Hanc
1275 5447 1402 5504 vitiosam
1421 5447 1585 5520 qualitatem
1602 5451 1631 5503 et
1649 5453 1800 5502 extremam
1817 5451 1934 5503 naturae
1953 5463 2010 5502 cor·

311 5530 395 5586 minis
411 5535 526 5596 natura,
550 5532 598 5586 sed
618 5531 684 5602 quia
701 5536 787 5586 totam
807 5531 925 5589 heminis
943 5538 1073 5589 naturam
1090 5553 1149 5592 ccr-
1176 5533 1333 5606 ruptionem
1342 5533 1486 5607 Scriptura
1499 5533 1628 5604 exprimit
1636 5531 1745 5589 nomine
1761 5532 2012 5605 concupiscentiae,

311 5617 403 5688 rupit,
432 5623 462 5672 et
484 5633 548 5672 cum
570 5618 634 5689 ipsa
650 5624 751 5673 natura
768 5619 929 5688 assumitur,
960 5621 1034 5676 sicut
1053 5629 1149 5678 contra
1177 5637 1226 5692 per
1248 5636 1333 5692 quain
1351 5637 1408 5675 non
1426 5618 1600 5690 intelligatur
1616 5618 1729 5692 aliquod
1746 5619 1877 5676 accidens
1895 5625 2013 5674 naturae

309 5702 416 5766 Bernh.
434 5702 530 5762 homil.
549 5703 584 5762 de
601 5721 675 5779 pass.
693 5713 841 5777 paccatum
860 5706 972 5763 6666676
989 5715 1071 5764 cocat
1083 5726 1150 5781 par-
1176 5713 1361 5779 maerentum,
1373 5713 1547 5764 nectentum
1558 5705 1698 5780 corruptio
1707 5707 1873 5783 qualitatum
1881 5705 2012 5776 corporis,

309 5791 423 5857 nuic.
455 5788 655 5868 (1666666
680 5811 705 5852 a
730 5800 755 5853 c.
781 5793 940 5869 scaphia
965 5801 1049 5855 vau
1075 5796 1149 5874 ipa-
1178 5793 1551 5874 arimannorum
1567 5791 2013 5854 animumanimumum
