5017 6675
935 553 988 611 DE
1004 552 1171 611 IMAGINE
1189 551 1256 609 DEI
1273 552 1316 613 ΙΝ
1334 553 1494 614 ΗΟΜῘΝΕ.
1995 564 2050 623 1³1

362 721 426 759 rurs
442 707 576 761 orborum
594 707 743 778 fructibus,
760 725 795 764 ae
813 709 953 764 animalia
971 727 1093 780 corpore
1111 708 1195 762 ebole-
1224 706 1307 762 etiam
1325 707 1361 762 sd
1380 714 1504 779 posteros
1522 725 1582 765 eam
1598 714 1787 783 propagasset
1821 709 1863 765 Ex
1881 725 1936 781 quo
1955 709 2054 765 fienda·

362 791 434 845 sts'rre
451 793 524 862 qaid
540 793 689 850 esuriendo
710 813 744 849 ac
764 796 886 850 rtiendo
904 796 1052 866 metiret,-
1070 795 1195 863 deligas
1222 799 1315 849 mento
1328 794 1490 851 deducimus
1501 795 1554 850 hcc
1568 797 1722 868 theorema3
1740 796 1823 852 etiam
1835 797 1940 853 animas
1952 813 2054 867 eorum,

363 885 456 931 caten
475 878 550 933 ritas
561 889 716 949 propterea
733 883 906 952 prestabatur,
923 898 959 936 ae
970 899 1046 936 mors
1058 881 1098 935 eis
1109 882 1195 934 uade-
1222 879 1271 950 qui
1293 896 1326 935 ex
1344 881 1453 936 Adamo
1478 888 1506 938 et
1523 881 1585 938 Eva
1608 884 1696 955 geniti
1712 883 1843 951 fuissent,
1866 901 1922 938 nou
1939 890 2054 952 creatas,

363 979 470 1034 cunque
492 965 667 1036 subreperet,
694 967 738 1021 tel
764 976 901 1023 senectute
927 969 1048 1033 consecti
1071 968 1196 1022 dsearss's
1222 976 1312 1036 neque
1349 967 1432 1021 etiam
1468 975 1630 1040 generatas,
1667 971 1716 1025 sed
1753 975 1921 1041 propagatas
1957 969 2052 1027 fuisse.

362 1056 517 1121 temporam
536 1053 638 1122 spatiss
656 1053 810 1119 interirent,
826 1062 962 1125 tongrense
981 1061 1089 1109 scetem
1108 1063 1196 1108 essent
1224 1057 1246 1107 1.
1266 1050 1336 1107 Cum
1358 1052 1431 1107 enim
1456 1053 1548 1126 imago
1567 1054 1634 1110 DEI
1657 1055 1742 1110 fuerit
1766 1062 1929 1111 concreatae
1947 1055 2055 1110 animae

363 1137 512 1206 alimento,
537 1139 615 1193 sllad
638 1148 823 1198 samameato.
858 1139 938 1197 Beda
958 1140 988 1194 in
1009 1157 1033 1195 c.
1058 1145 1082 1196 2.
1107 1138 1194 1196 Gemr
1220 1136 1359 1192 humanae
1376 1138 1502 1210 justitia,
1531 1141 1662 1194 sanctitas
1686 1146 1715 1195 et
1736 1141 1885 1212 perfectio,
1908 1141 1969 1196 ideo
1991 1157 2054 1212 pro·
2154 1172 2158 1179 .

362 1223 399 1276 Ia
418 1224 497 1292 ligno
515 1225 589 1280 sitae
608 1233 669 1279 erat
685 1235 902 1297 sacramentam,
923 1229 955 1281 irs
973 1226 1091 1297 reliquis
1109 1226 1194 1296 lignis
1221 1228 1327 1295 pagata
1352 1241 1404 1295 per
1427 1225 1632 1296 generationem
1657 1227 1725 1282 DEI
1742 1227 1862 1299 imagine
1880 1227 1969 1298 ipsam
1987 1244 2054 1298 quo·

362 1311 533 1365 alimentum
580 1310 730 1367 Lombard.
761 1317 785 1368 2.
813 1317 883 1368 sant.
915 1312 980 1367 dist
1011 1318 1050 1368 17.
1080 1311 1121 1366 lit.
1148 1311 1193 1366 E:
1222 1326 1276 1380 que
1302 1309 1422 1365 animam
1450 1311 1598 1383 propagari
1623 1329 1735 1368 necesse
1760 1311 1866 1367 fuisset
1916 1311 2054 1383 Quicquid
2115 1335 2117 1338 ⁴

361 1396 482 1465 Lignum
501 1397 575 1451 vitoe
594 1398 699 1452 dietam
718 1406 767 1468 est,
783 1399 855 1453 aieret
872 1402 951 1454 docet
968 1399 1052 1453 Beda
1070 1406 1097 1452 st
1114 1396 1194 1452 Stro-
1222 1401 1300 1451 extra
1318 1396 1437 1454 animam
1452 1405 1481 1452 at
1497 1397 1556 1453 sine
1573 1398 1666 1453 anima
1685 1415 1744 1454 esse
1761 1399 1789 1453 in
1805 1415 1919 1470 corpore
1933 1397 2054 1454 humano

362 1482 421 1550 bru,
439 1483 507 1552 prtia
524 1484 659 1538 eliandus
677 1487 785 1555 occepit
803 1485 876 1540 lane
893 1486 956 1551 vim,
974 1492 1004 1538 at
1019 1485 1069 1554 qai
1085 1501 1117 1539 ea
1135 1485 1195 1554 ejas
1221 1481 1331 1553 nequit,
1360 1498 1393 1537 eo
1424 1490 1581 1555 propagato
1608 1501 1721 1540 necesse
1749 1490 1793 1540 est
1822 1484 1912 1555 ipsam
1937 1484 2055 1540 animam

360 1570 459 1634 snsetu
486 1571 652 1638 comederet,
684 1587 787 1640 corpas
811 1571 873 1640 ejas
898 1570 997 1625 stabili
1022 1571 1143 1624 serame
1170 1579 1195 1623 et
1222 1569 1379 1639 propagari.
1433 1574 1456 1624 2.
1488 1569 1627 1627 Successit
1660 1578 1723 1641 post
1758 1571 1866 1641 lapsum
1902 1571 1930 1624 in
1964 1571 2055 1625 locum

358 1662 499 1724 perpetuo
516 1655 662 1710 soliditate
674 1657 854 1726 firmaretm,
881 1673 931 1710 nee
956 1656 1018 1710 alla
1036 1656 1195 1727 infirmitate
1223 1652 1351 1724 imaginis
1368 1652 1436 1708 DEI
1458 1655 1486 1709 in
1513 1655 1623 1711 homine
1640 1662 1786 1726 peccatum
1804 1655 1949 1727 originale,
1973 1656 2054 1726 cujus

361 1742 404 1796 sel
423 1742 526 1796 aetatis
544 1742 733 1797 imbecillitate
756 1743 787 1795 in
810 1744 933 1797 deterim
957 1743 1002 1797 vel
1020 1744 1050 1796 in
1067 1760 1194 1797 cremam
1221 1739 1385 1810 propagatio
1410 1730 1532 1795 ostendit
1551 1741 1633 1795 etiam
1651 1749 1716 1813 post
1732 1743 1839 1813 lapsum
1858 1740 1934 1794 illam
1950 1740 2054 1798 anima·

362 1828 511 1882 loberdar.
546 1828 664 1882 Addunt
680 1828 729 1883 alii
745 1828 817 1884 hauc
835 1828 963 1884 arborem
983 1827 1068 1883 fuisse
1085 1827 1194 1882 arrham
1221 1842 1281 1879 rum
1300 1826 1527 1898 propagationem
1545 1826 1613 1882 fieri.
1649 1833 1673 1882 3.
1693 1827 1743 1881 Vis
1761 1826 1912 1882 illaverbi:
1933 1826 2054 1882 Crescite

361 1919 493 1969 aeternae
511 1913 700 1982 beatitudinis,
715 1923 799 1987 atque
818 1916 848 1970 in
866 1901 969 1971 aadcm'
981 1922 1080 1986 typum
1093 1913 1195 1970 Christi
1222 1920 1246 1965 et
1275 1912 1505 1980 mubsplr'comim'
1527 1911 1627 1968 Genea.
1654 1919 1682 1977 l,
1712 1931 1736 1967 v.
1762 1918 1810 1982 te,
1834 1916 1866 1967 ut
1888 1912 1918 1966 in
1938 1913 2053 1984 reliquis

360 1999 533 2072 propositum
551 2017 624 2055 esse:
643 2000 773 2056 Ballarm.
795 2001 829 2056 de
849 2008 919 2073 grat.
932 2001 1012 2072 prim.
1026 2000 1099 2056 hom.
1112 2018 1137 2056 c.
1154 2007 1193 2058 18,
1221 1996 1386 2053 animalibus
1412 1997 1511 2053 efficax
1537 2006 1590 2065 est,
1615 2000 1656 2053 ita
1683 2015 1792 2070 quoque
1816 1998 1891 2054 circa
1915 1999 2052 2055 hominem

362 2084 432 2140 duas
454 2086 584 2157 proponit
608 2093 719 2158 patrum
748 2087 898 2142 sententias
921 2087 956 2141 de
983 2086 1010 2141 vi
1036 2093 1120 2158 atque
1137 2086 1195 2143 effi·
1221 2099 1277 2137 uon
1297 2083 1399 2139 cecidit
1415 2083 1444 2137 in
1463 2091 1577 2152 terram,
1600 2101 1651 2138 nec
1669 2083 1762 2154 lapsus
1782 2083 1854 2139 banc
1872 2085 1958 2138 divini
1974 2085 2052 2141 verbi
2065 2089 2103 2130 tv.
2116 2089 2162 2131 tte.

361 2172 442 2227 cacia
467 2171 550 2243 hujus
573 2171 692 2228 arboris:
716 2174 844 2226 Primam
867 2189 926 2227 esse
948 2173 1018 2227 dicit
1043 2173 1197 2243 Augustini
1222 2169 1306 2224 semel
1329 2168 1431 2241 prolati
1450 2169 1505 2223 vim
1525 2170 1634 2236 evertit,
1657 2175 1820 2240 argumento
1839 2176 1894 2238 est,
1920 2172 1993 2242 qnod
2009 2189 2051 2228 re·

362 2265 389 2311 et
415 2257 668 2324 scholasticorum,
698 2261 774 2329 quod
801 2254 907 2327 lionam
935 2260 1009 2314 vitae
1042 2260 1194 2313 institutum
1222 2255 1311 2326 petits
1335 2254 1419 2311 fuerit
1440 2254 1487 2309 illa
1506 2255 1662 2311 benedictio
1681 2255 1781 2311 Genea.
1801 2262 1831 2325 9,
1855 2274 1880 2310 v.
1900 2264 1929 2313 t:
1958 2258 2053 2312 Adam

359 2345 451 2409 freer't
469 2346 673 2400 adarceadcm
686 2353 807 2409 mortem,
825 2363 897 2415 qsece
909 2346 1067 2414 contingere
1079 2346 1150 2399 solet
1163 2362 1195 2399 ea
1222 2342 1315 2409 genuit
1331 2342 1426 2412 filium
1450 2344 1601 2396 sementiam
1621 2343 1772 2411 imaginem
1796 2349 1821 2396 et
1843 2343 2055 2399 similitudinem
2099 2376 2105 2388 ι

360 2429 457 2500 sersio;
489 2431 609 2485 alteram
639 2432 737 2485 tribuit
770 2432 979 2500 Chrysoatomo,
1012 2432 1195 2499 Tlteodoreto,
1222 2446 1311 2481 suam.
1347 2426 1447 2483 Genea.
1465 2415 1494 2494 5¹,
1519 2445 1544 2481 v.
1570 2433 1598 2483 3:
1622 2429 1754 2481 timinam
1774 2445 1887 2482 earnem
1910 2431 1945 2482 de
1971 2444 2055 2485 cerae
2167 2414 2173 2424 ⁸

360 2518 490 2586 liuperto
509 2525 534 2571 et
552 2517 628 2589 aliis,
648 2518 725 2587 qaod
743 2517 849 2585 lionam
866 2519 939 2573 ottae
958 2534 1019 2572 eam
1029 2518 1084 2571 olm
1096 2518 1195 2571 babae-
1222 2512 1287 2568 Joh.
1308 2518 1338 2578 3,
1364 2530 1391 2570 v.
1411 2519 1441 2583 6,
1467 2530 1523 2586 qua
1546 2513 1732 2584 appellatione
1749 2519 1824 2569 totns
1840 2514 1922 2570 homo
1940 2532 1997 2570 non
2013 2527 2055 2571 re·

360 2603 409 2667 rit,
424 2610 456 2656 at
473 2603 517 2656 vel
534 2604 619 2657 semel
635 2611 775 2672 putamen
789 2605 947 2674 perfectam
959 2605 1073 2674 afferret
1085 2603 1196 2658 immor·
1223 2605 1388 2672 generatus,
1414 2617 1470 2655 nou
1497 2600 1586 2654 solum
1614 2616 1714 2670 corpus
1740 2600 1898 2670 denotatur,
1923 2607 1955 2656 ut
1977 2606 2056 2674 patet

260 2694 348 2740 nme
362 2689 511 2756 talitatem,
528 2689 647 2760 ideoque
665 2707 721 2743 nors
739 2698 802 2745 cate
818 2692 980 2744 summatem
991 2690 1095 2758 faisse,
1113 2708 1195 2760 qaam
1223 2685 1316 2744 Galat.
1341 2693 1369 2754 5,
1394 2702 1421 2739 v.
1445 2691 1485 2741 20.
1527 2685 1580 2739 Illa
1606 2684 1692 2757 igitur
1716 2684 1808 2758 imago
1828 2685 1909 2742 Adae
1932 2687 2055 2759 peccatis

360 2775 558 2843 transferendi
575 2783 663 2828 essert
680 2775 803 2829 tornines
821 2777 857 2829 de
873 2782 949 2830 motu
965 2775 1076 2844 gratiae
1094 2776 1124 2828 irs
1140 2783 1196 2829 eto·
1224 2772 1375 2843 depravata
1414 2789 1469 2826 non
1505 2770 1666 2842 quaerenda
1705 2777 1747 2826 est
1780 2771 1809 2825 in
1844 2772 1903 2827 solo
1941 2791 2055 2845 corpore

361 2869 419 2915 tum
444 2861 571 2930 gloriam
602 2860 701 2916 lterum
731 2862 894 2916 sententiam
921 2870 1068 2932 atramque
1090 2854 1199 2931 prote
1222 2856 1341 2913 filiorum
1358 2859 1427 2928 ejus,
1445 2857 1493 2912 sed
1512 2856 1540 2911 iu
1558 2863 1616 2912 toto
1634 2857 1751 2912 homine.
1787 2864 1810 2912 5.
1829 2857 1960 2913 Animam
1978 2859 2055 2916 Evae

361 2947 443 3001 bilem
465 2963 523 3001 esse
538 2947 677 3001 Bellona.
696 2947 842 3017 existimat,
857 2949 1043 3018 posteriorem
1055 2942 1120 3003 vero
1126 2966 1195 3018 pro·
1223 2941 1324 3000 DEUS
1341 2942 1519 3001 concreavit.
1536 2943 1585 2998 sed
1598 2941 1891 2998 exAdamoinEvam
1905 2945 2055 3014 transtulit,

362 3034 527 3088 habiliorem
551 3044 671 3104 propter
696 3035 786 3090 locam
815 3033 885 3090 Gen.
910 3042 939 3103 3,
964 3054 990 3090 v.
1008 3040 1057 3105 22,
1081 3051 1115 3090 ex
1142 3053 1196 3107 quo
1223 3035 1250 3085 et
1274 3029 1315 3085 sic
1338 3028 1400 3083 Eva
1422 3030 1459 3084 ab
1482 3029 1591 3083 Adamo
1613 3028 1733 3083 animam
1754 3028 1939 3100 participavit.
1985 3029 2055 3087 Cum

360 3125 456 3175 tamen
475 3119 617 3176 evidenter
634 3120 771 3175 sententia
789 3120 843 3176 ista
857 3121 969 3192 probari
986 3121 1091 3193 nequit
1224 3115 1297 3171 enim
1321 3115 1414 3170 anima
1432 3121 1491 3170 tota
1509 3114 1591 3169 sitin
1607 3119 1665 3169 toto
1684 3131 1812 3185 corpore,
1838 3123 1866 3170 et
1883 3115 1912 3169 in
1932 3115 2056 3198 qualibet

257 3236 312 3280 usos
399 3200 467 3280 115.Ι
492 3223 584 3279 Arbor
610 3222 743 3279 scientiae
771 3223 837 3278 boni
868 3230 897 3279 et
925 3224 990 3279 maii
1019 3241 1196 3296 nequaquam
1222 3200 1283 3272 ⁹5⁰⁸
1301 3206 1381 3273 I'arte
1399 3208 1459 3256 mm
1477 3200 1527 3268 ’ἢν
1547 3201 1609 3256 ide⁰
1627 3206 1705 3297 ,⁰⁰⁸3
1722 3200 1845 3255 “nimia
1861 3201 1928 3271 tuit,
1947 3220 1981 3257 ⁰¹
1999 3219 2056 3275 <1¹¹⁸

257 3292 345 3384 ξζῖῗξ·
362 3310 427 3368 inde
442 3327 544 3367 nomen
561 3308 661 3366 sortita
678 3317 728 3376 est,
749 3308 824 3381 quod
841 3309 980 3366 hominem
1000 3310 1194 3383 sapientiorem
1221 3287 1284 3343 En
1305 3294 1348 3345 ⁰⁸³
1369 3289 1503 3358 f⁰m¹⁸i⁸r
1525 3305 1557 3343 ⁸⁰
1574 3287 1690 3359 P¹⁰¹¹¹‘le
1707 3303 1829 3359 ῐι01199Γ
1848 3287 2055 3360 impifssiiffllffl

258 3392 303 3437 ua
361 3398 478 3453 reddere
504 3403 613 3467 Pouet,
640 3413 724 3468 quam
749 3396 845 3453 „Deo
866 3405 975 3455 mm,
1000 3398 1093 3454 sumt
1109 3399 1195 3469 (quod
1223 3394 1272 3432 seu
1296 3393 1395 3431 novam
1418 3376 1598 3444 creationem,
1623 3373 1672 3429 scd
1695 3391 1745 3444 per
1768 3376 1995 3446 propagationem
2017 3376 2055 3432 ab

361 3484 459 3539 ,mig
470 3482 609 3554 ,10⁸0th
630 3489 652 3538 1⁸
669 3481 756 3554 antiq,
778 3500 801 3537 ο,
812 3487 858 3551 3,),
876 3484 982 3555 quippe
998 3484 1034 3539 gd
1047 3484 1195 3556 imaginem
1222 3463 1332 3518 Adamo
1355 3462 1463 3532 accepit
1487 3461 1614 3515 animam.
1651 3460 1759 3516 Posteri
1776 3460 1852 3516 Evae
1878 3477 1911 3515 ex
1926 3462 2054 3518 animatis

360 3570 441 3639 DEI,
457 3569 487 3624 id
506 3576 555 3635 est,
573 3570 602 3622 in
619 3569 743 3640 perfecta
760 3569 905 3640 sapientia,
921 3569 1032 3640 justitia
1048 3577 1078 3627 et
1094 3571 1194 3625 saucti-
1221 3548 1382 3619 parentibus
1404 3547 1519 3602 animati
1542 3549 1723 3642 Remmius·
1749 3550 1777 3601 et
1800 3547 1884 3602 mim
1909 3548 2054 3620 ⁰⁰¹¹¹P⁰⁸iffi

361 3656 510 3712 tatehcmc
530 3663 590 3712 erat
606 3655 742 3724 conditus,
760 3656 810 3710 scd
827 3655 909 3711 arbor
925 3655 976 3711 illa
993 3656 1032 3711 sic
1050 3656 1126 3712 dicta
1144 3663 1194 3724 est,
1221 3634 1366 3706 80⁰⁹¹⁸ffi⁰
1388 3650 1448 3688 0⁸⁵0
1472 3632 1574 3687 dieitur
1596 3631 1935 3703 “Ph110509hisspmims
1965 3633 2054 3706 Finge

362 3750 383 3800 1,
397 3760 416 3798 2
437 3749 507 3811 w„
524 3742 593 3816 ὅρῳ,
618 3742 684 3813 quia
701 3740 832 3796 divinitu,
849 3740 953 3797 homini
966 3740 1119 3797 commuta
1134 3747 1194 3799 emt
1222 3720 1327 3775 animas
1352 3719 1493 3773 hominum
1519 3716 1676 3773 immediate
1699 3734 1716 3771 a
1733 3717 1794 3772 Deo
1817 3718 1940 3788 quotidie
1965 3719 2053 3774 creari

359 3828 446 3886 ,eluti
463 3828 601 3900 quaedam
620 3844 670 3882 m
687 3843 720 3881 ,ο
737 3827 886 3897 templum,
910 3826 940 3882 i„
958 3844 1013 3899 quo
1031 3828 1100 3882 DEI
1119 3845 1191 3884 cm.
1220 3812 1250 3862 et
1267 3806 1386 3862 creando
1398 3804 1533 3877 inspirari,
1551 3820 1695 3875 quaeram:
1713 3805 1759 3857 An
1771 3803 1847 3859 Deus
1861 3808 1936 3859 creet
1946 3805 2053 3861 animas

358 3914 426 3969 toris
444 3930 512 3986 erga
528 3930 588 3969 sese
606 3912 806 3984 benignitatem
825 3920 854 3967 et
871 3920 1033 3969 concreatae
1051 3914 1192 3986 integrita-
1220 3892 1257 3948 ⁸¹)
1275 3891 1348 3947 ΟΜ
1368 3891 1478 3964 peceati
1495 3890 1558 3947 lab0
1576 3907 1668 3960 pum,
1686 3906 1758 3961 <1⁰⁸0
1776 3890 1805 3944 iu
1817 3906 1930 3960 ⁰⁰¹P010
1942 3891 2052 3946 demum

358 4000 393 4055 fi,
412 4000 517 4056 bonum
532 4006 724 4072 mmmm,
744 4006 767 4055 2,
786 3999 822 4055 ab
838 4006 947 4068 emm,
966 3999 1033 4071 qui,
1050 4016 1102 4071 pe,
1116 4016 1192 4055 mm
1219 3985 1353 4049 tauquam
1371 3978 1461 4032 minus
1478 3976 1586 4030 sincero
1603 3992 1668 4030 vase
1687 3976 1916 4046 corrumpantur?
1934 3993 1970 4031 au
1987 3993 2052 4032 vero

358 4085 500 4141 fruetuum
524 4102 558 4140 e,
579 4084 632 4139 ω
655 4084 753 4140 „bom
776 4101 809 4140 θ,
831 4086 963 4155 periendo
986 4085 1086 4141 didici,
1102 4085 1192 4155 homo,
1219 4065 1328 4133 peccati
1355 4063 1418 4119 labe
1442 4061 1561 4117 infectae
1587 4060 1733 4116 creentur?
1760 4060 1842 4115 Prius
1866 4061 1963 4133 nequit
1989 4062 2052 4133 dici,

358 4179 494 4245 quantum
512 4171 614 4227 bonum
631 4188 682 4243 pe,
698 4178 844 4242 peceatum
869 4172 992 4228 ambesit
1008 4179 1037 4228 θ,
1056 4172 1085 4227 ,n
1106 4188 1192 4244 qm,
1220 4149 1286 4221 quia
1310 4148 1400 4221 prima
1422 4154 1599 4219 peccatorum
1623 4146 1763 4243 scaturigo
1787 4163 1842 4243 non
1865 4148 1938 4202 redit
1961 4164 2052 4202 acor·
2130 4235 2132 4239 Ι

358 4263 418 4314 tum
439 4259 543 4313 malum
566 4257 602 4312 sit
625 4257 780 4328 prolapsus.
815 4256 952 4313 Theodor.
977 4265 1077 4329 quaest
1094 4263 1136 4313 26.
1163 4256 1193 4312 in
1220 4251 1287 4305 ΡΟΥθ
1310 4234 1346 4289 ad
1369 4234 1503 4301 'mimam’
1529 4232 1577 4287 θοὰ
1601 4237 1694 4301 P⁰t¹¹¹⁸
1718 4231 1754 4285 ab
1781 4249 1873 4286 amma
1892 4233 1920 4286 i¹¹
1939 4250 2052 4304 ⁰⁰¹P¹²⁸i

359 4343 469 4402 Genea:
497 4345 588 4398 Home
611 4352 676 4398 ante
697 4343 811 4413 lapsam
834 4344 932 4397 babuit
955 4344 1021 4397 bosi
1033 4345 1193 4415 praesentis
1220 4337 1277 4392 (Ῑῑῑ8
1307 4322 1342 4374 (Ῑθ
1370 4337 1399 4374 ¹0
1431 4318 1542 4373 dimi
1570 4316 1744 4414 Auffffliinufl
1775 4317 1916 4387 praeclare
1946 4324 1985 4373 1⁰·
2017 4319 2052 4374 dt

357 4436 465 4501 γνῶσιν
489 4433 537 4484 καὶ
561 4436 676 4501 πεῖραν,
704 4430 776 4482 moli
800 4429 921 4483 obsemis
948 4431 1054 4499 γνῶσιν
1077 4438 1192 4491 umam,
1220 4405 1320 4463 ΘΜ·
1340 4405 1377 4460 ⁸¹d
1394 4405 1434 4460 lii*
1453 4422 1477 4458 ⁰·
1502 4410 1539 4459 Η·
1575 4403 1679 4456 Amma
1695 4405 1739 4471 (ει
1757 4402 1913 4474 hYP⁰the⁸il
1931 4403 2052 4474 PUIWI

357 4536 413 4571 m
435 4525 525 4570 amm
548 4522 663 4587 moa„
689 4516 741 4567 „d
760 4522 825 4584 ΡΜ
844 4515 956 4585 pamm
974 4515 1004 4569 ,·„
1022 4517 1130 4571 homin,
1152 4524 1192 4569 ω,
1221 4495 1323 4549 bonum
1341 4508 1449 4564 semper
1466 4490 1582 4547 tendens
1601 4496 1696 4559 posset
1711 4489 1818 4559 corpori
1835 4488 1970 4558 resistere,
1989 4506 2052 4543 cum

359 4604 425 4657 beai
442 4602 541 4659 omissi
557 4602 756 4672 qualiscunque
773 4604 886 4669 γνῶσις,
912 4619 969 4656 mn
988 4610 1080 4656 amm
1099 4608 1192 4677 πεῖρα,
1220 4579 1257 4634 sit
1267 4578 1372 4648 fortior,
1389 4595 1449 4642 uec,
1467 4576 1490 4631 si
1504 4575 1572 4647 quid
1583 4574 1655 4629 labis
1667 4574 1828 4643 attraheret,
1839 4581 1931 4645 posset
1941 4574 2010 4630 illud
2023 4574 2052 4629 in

358 4708 392 4745 oe
408 4690 480 4745 mali
493 4687 663 4743 irrlscsreats's
680 4688 783 4758 γνῶσις
801 4690 848 4740 sol
866 4693 959 4761 πεῖρα.
1219 4665 1344 4721 intimam
1356 4666 1416 4735 ejus
1428 4662 1612 4718 substantiam
1624 4666 1779 4732 penetrare.
1803 4659 1944 4715 Posterius
1955 4660 2051 4714 itidem

1220 4750 1276 4805 dici
1304 4749 1413 4821 nequit,
1440 4748 1507 4820 quia
1528 4748 1619 4802 bonus
1643 4745 1720 4799 Deus
1745 4744 1830 4800 solius
1853 4745 1918 4802 boni
1942 4754 2053 4818 auctor3

1217 4837 1277 4907 jam
1294 4851 1359 4891 vero
1376 4842 1522 4905 peccatum
1539 4831 1681 4903 originale,
1699 4848 1754 4902 quo
1773 4831 1891 4888 infectae
1909 4837 1973 4884 sunt
1990 4838 2054 4901 post
2134 4897 2137 4902 .

1221 4922 1328 4993 lapsum
1357 4919 1498 4974 hominum
1526 4917 1647 4986 animae,
1674 4933 1729 4971 non
1754 4916 1843 4970 solum
1869 4923 1911 4971 est
1935 4916 2053 4987 privatio

1221 5006 1372 5078 quaedam,
1394 5007 1444 5061 sed
1466 5011 1494 5059 et
1512 5020 1598 5074 prava
1616 5003 1742 5074 qualitas.
1779 5009 1801 5058 7.
1821 5002 1903 5057 Adde
1924 5003 1999 5073 quod
2017 5003 2053 5057 ab

1221 5090 1383 5146 immediata
1412 5090 1551 5145 creatione
1577 5092 1656 5143 Deus
1675 5089 1791 5158 septimo
1818 5089 1865 5141 dle
1889 5089 2055 5157 requieverit

608 5213 630 5275 c
646 5215 676 5275 Δ
691 5213 716 5277 P
733 5212 804 5275 Π
837 5211 933 5275 ΠΗ
1222 5177 1324 5233 Geues.
1348 5183 1379 5246 2,
1407 5193 1432 5229 v.
1458 5182 1481 5231 2.
1517 5175 1547 5231 si
1570 5174 1615 5228 vel
1640 5172 1757 5227 maxime
1780 5173 1889 5228 dicatur
1907 5173 1985 5230 Deua
2012 5192 2055 5229 re·

934 5256 941 5274 ⁸
1222 5264 1358 5333 qrsieos'sse
1382 5281 1401 5316 a
1422 5262 1576 5315 condendis
1593 5260 1670 5312 noras
1692 5267 1799 5312 tantum
1817 5261 1972 5329 aperiebas,
1999 5278 2055 5316 acts

399 5355 467 5420 DE
493 5353 904 5423 PROPAGATIONE
933 5351 1152 5420 ΑΝῙΜΑΕ,
1222 5356 1316 5403 autem
1347 5348 1513 5412 individuis,
1542 5349 1611 5416 (qua
1641 5344 1818 5414 responsione
1852 5348 1986 5416 quosdam
2015 5346 2055 5403 uc·

1223 5440 1417 5489 commemorat
1447 5431 1596 5503 Augustin.
1634 5430 1712 5500 epist.
1746 5436 1785 5487 28.
1817 5431 1854 5485 ad
1881 5431 2055 5504 Hieronym.)

257 5538 324 5578 tinas
394 5528 452 5578 116.
489 5523 584 5595 Atque
604 5523 674 5579 haec
697 5522 846 5578 dictasint
870 5522 906 5575 de
930 5520 1090 5575 felicissima
1112 5519 1194 5592 primi
1223 5526 1315 5575 tamm
1343 5534 1399 5574 non
1425 5519 1534 5573 videtur
1556 5518 1639 5588 plane
1661 5516 1748 5570 everti
1771 5516 1823 5572 hoc
1846 5525 2055 5589 argumentum3

257 5599 313 5683 ζξζ,
356 5607 475 5663 hominis
502 5616 567 5665 aute
593 5609 702 5681 lapsum
729 5607 901 5672 conditione;
930 5606 1107 5669 beatissimus
1135 5611 1194 5663 erat
1223 5606 1291 5677 quia
1308 5606 1393 5660 etiam
1411 5604 1480 5660 haec
1506 5610 1548 5658 est
1566 5619 1633 5658 vera
1658 5609 1686 5656 et
1709 5603 1822 5673 proprie
1846 5605 1923 5658 dicta
1942 5603 2053 5669 creatio,

357 5695 479 5764 animas,
497 5696 619 5767 corporis
638 5703 722 5767 atque
740 5692 881 5750 exterioris
901 5691 1032 5747 domicilii
1054 5692 1193 5762 qualitati·
1224 5692 1335 5763 quando
1358 5691 1502 5747 individua
1527 5692 1556 5752 ἐξ
1571 5687 1666 5749 ἁπλῶς
1683 5690 1723 5763 μὴ
1741 5687 1831 5744 ὄντων
1846 5689 1953 5762 absque
1971 5690 2054 5745 inter·

356 5780 423 5850 bus,
452 5798 486 5837 ac
509 5780 533 5835 si
556 5781 586 5837 in
610 5788 759 5837 concreata
776 5779 826 5834 illa
841 5778 1003 5849 integritate
1020 5778 1194 5849 perstitisset,
1224 5786 1308 5836 ventu
1328 5793 1475 5834 causarum
1496 5773 1664 5830 naturalium
1687 5775 1886 5845 producuntur.
1929 5780 1952 5832 8.
1974 5774 2056 5844 Quod

1689 5878 1728 5939 qb
