5017 6675
879 629 932 686 DE
950 623 1118 686 meum
1133 622 1203 683 DEI
1220 623 1265 685 nt
1283 625 1442 688 nomae.
1942 632 2003 691 119
2072 635 2073 639 ’
2096 698 2099 702 Α

262 802 283 845 a
342 791 385 841 tt.
434 791 459 842 a.
503 783 539 840 lu
577 784 702 856 parvulis
738 783 940 857 qumprimum
976 784 1147 852 adolescunt,
1175 782 1214 838 cit
1236 783 1434 852 Bellarminus,
1465 785 1589 840 micton
1606 784 1680 838 *alos
1706 784 1835 848 defscm
1858 781 1890 835 in
1910 781 2006 850 prinu

306 872 431 928 mxima
451 887 543 927 sanae
563 871 724 942 cupiditatis
739 871 913 928 abundantia
929 877 1058 943 apparet,
1084 886 1147 924 sua·
1173 872 1350 940 conditions5
1374 887 1441 926 uem
1468 889 1501 926 ex
1528 870 1642 942 propria
1669 870 1756 940 ipsius
1781 865 1927 940 hypothesi
1949 884 2005 923 uon

307 976 364 1030 que
386 965 490 1030 sponte
512 959 627 1013 immani
646 959 753 1031 impetu
777 959 806 1014 in
832 959 902 1014 vitia
924 959 970 1014 vel
988 958 1079 1013 omnia
1102 958 1147 1011 rel
1173 955 1277 1012 sublati
1302 956 1415 1012 fuerunt
1438 956 1485 1011 isti
1509 957 1648 1025 deiectus,
1673 956 1724 1010 sed
1746 954 1867 1026 repressi
1889 961 1917 1008 et
1941 969 2004 1007 con·

307 1045 429 1118 plurim
452 1045 618 1117 praadpites
644 1046 789 1116 feruntur,
818 1043 889 1102 teste
917 1045 1077 1116 Augustino
1104 1049 1146 1099 22.
1168 1043 1246 1113 jacti.
1282 1043 1431 1099 Praeterea
1454 1042 1519 1099 illae
1547 1041 1789 1114 concupiscentiae
1814 1057 1916 1112 pravae
1940 1055 2005 1110 poe·
2092 1100 2099 1118 Ι

309 1131 343 1187 de
363 1131 419 1188 civ.
438 1131 495 1187 Dei
516 1148 541 1186 c.
560 1137 602 1188 22.
628 1137 658 1188 et
680 1132 742 1203 ipsa
764 1131 946 1203 experientia:
972 1136 1003 1186 at
1024 1147 1081 1185 uun
1105 1129 1145 1184 sic
1171 1146 1225 1185 uae
1250 1134 1316 1185 sunt
1339 1136 1369 1185 et
1392 1147 1554 1197 ammuae,
1580 1147 1614 1185 ex
1642 1129 1730 1200 ipsius
1752 1127 1916 1184 Bellarmini
1941 1143 2004 1181 con·

308 1218 390 1273 homo
415 1217 445 1273 ia
468 1217 547 1288 puris
569 1218 743 1273 naturalibus
766 1217 909 1273 inlunem
927 1216 1018 1271 editus
1038 1215 1145 1280 fuisset,
1171 1217 1313 1286 cessione,
1344 1217 1480 1288 quomodo
1506 1233 1573 1288 ergo
1600 1232 1686 1271 causa
1712 1214 1835 1271 omnium
1862 1229 2005 1269 aerumna·

310 1304 384 1359 nuda
401 1304 477 1359 enim
495 1304 525 1358 in
544 1304 592 1358 illo
611 1303 711 1359 inisset
729 1302 898 1374 possibilitas
917 1301 1065 1373 peccandi,
1089 1318 1145 1356 non
1170 1320 1232 1357 rum
1257 1303 1286 1357 in
1312 1303 1448 1375 originale
1466 1309 1612 1375 peceatum
1634 1301 1736 1373 poterit
1759 1299 1871 1367 rderri,
1894 1299 1918 1353 si
1940 1315 2005 1354 con·

309 1406 442 1461 praeoeps
478 1390 574 1462 aliqua
610 1389 761 1446 inclinatio.
811 1388 924 1459 Excipit
952 1387 1144 1450 Bellarmium,
1171 1389 1359 1459 cupiscentiae
1384 1390 1449 1445 illae
1477 1407 1511 1445 ex
1536 1389 1669 1445 materiae
1693 1386 1850 1442 conditione
1877 1386 2005 1441 dicautur

308 1478 399 1546 pratis
430 1477 485 1532 boc
512 1478 620 1530 casani
628 1516 637 1540 ,
670 1479 747 1545 quand
775 1483 831 1529 nnn
859 1474 948 1537 riseri
972 1475 1003 1527 iss
1033 1474 1145 1527 Adaoso
1171 1475 1236 1530 oriri
1264 1481 1294 1531 et
1311 1482 1376 1531 ante
1392 1483 1538 1547 peccatum
1558 1477 1587 1530 in
1603 1475 1714 1531 homine
1731 1481 1795 1529 actu
1812 1471 1901 1544 primo
1918 1471 2005 1528 tuisse

306 1571 421 1632 prada·
443 1563 586 1632 psceandi
603 1562 818 1632 possibilitatem
836 1562 921 1616 niam
934 1577 1074 1631 manceps
1091 1560 1146 1613 itta
1170 1567 1337 1620 msemntur.
1460 1591 1462 1594 ·

309 1651 338 1704 ia
352 1650 425 1703 ssstia
442 1647 601 1717 inclinatio,
620 1649 688 1717 quin
708 1650 763 1702 inse
783 1648 992 1718 apsnanman
1008 1647 1146 1699 rationem
1206 1654 1248 1705 tt.
1287 1654 1327 1704 12.
1353 1647 1600 1718 Concupiscentiae
1616 1646 1735 1702 omnalis
1749 1644 1898 1701 inordinati
1913 1650 2005 1700 motus
2033 1648 2063 1691 ¹²·

308 1735 484 1790 somnians
500 1737 613 1803 ἀοοονο,
631 1743 703 1798 tam,
724 1735 792 1803 quia
811 1735 919 1802 obiecta
937 1750 1066 1787 amanam
1083 1738 1146 1785 sant
1171 1735 1288 1790 maxime
1310 1739 1446 1805 apparent
1465 1734 1494 1788 in
1510 1734 1688 1805 genitalibus,
1707 1733 1757 1788 sed
1776 1733 1891 1788 docente
1907 1731 2005 1802 Augu·
2100 1776 2103 1784 ,

307 1823 471 1893 propinqua
498 1829 525 1875 et
554 1822 736 1890 pumentia,
773 1821 883 1889 objecta
911 1827 1004 1873 amesa
1031 1817 1148 1888 spirabat
1171 1822 1245 1876 stine
1271 1821 1365 1875 nullus
1391 1837 1486 1875 eorum
1512 1818 1612 1874 fumet
1637 1819 1810 1874 inordinatus
1833 1822 1923 1873 motus
1942 1825 2008 1872 ante

309 1915 431 1974 motat
456 1915 515 1960 itm
537 1907 606 1976 qvia
627 1907 769 1969 infantiae
792 1914 915 1975 temporo
938 1923 994 1958 nou
1016 1904 1147 1958 habemns
1171 1914 1325 1979 peccatum,
1344 1923 1440 1962 verum
1457 1906 1518 1960 sine
1536 1905 1594 1960 ullo
1613 1904 1737 1959 libidinis
1756 1912 1822 1959 actu
1835 1903 2007 1976 generationi

309 2013 387 2048 m
402 1994 540 2061 rationis,
565 2011 627 2047 nam
654 2001 755 2047 eontra
779 2009 878 2046 sennes
903 2000 929 2046 et
945 1991 1087 2060 appetitas
1105 1990 1146 2042 in·
1172 1993 1369 2049 insaniissent
1395 1992 1507 2063 Excipit
1518 1991 1711 2059 Bellarminus,
1723 2010 1779 2046 non
1784 1993 1882 2059 fnisse
1895 1991 2008 2060 quidam

308 2081 432 2147 faiam
453 2080 580 2148 niceam
602 2087 661 2133 tam
681 2079 751 2148 qaia
768 2078 960 2132 inclinationis
981 2077 1062 2130 illiue
1086 2076 1148 2129 alia
1173 2083 1204 2135 in
1222 2082 1332 2135 bomine
1349 2089 1414 2134 ante
1434 2081 1545 2150 lapsum
1562 2079 1652 2132 mam
1668 2078 1797 2131 libidinis
1818 2085 1940 2145 autam,
1957 2078 2010 2130 scd

310 2185 411 2236 masa,
443 2183 529 2235 qrsam
553 2166 689 2219 materiae
714 2165 853 2232 considio,
878 2163 973 2232 nequiit
998 2162 1147 2230 assignari.
1173 2176 1267 2221 tantm
1292 2168 1323 2221 in
1346 2168 1430 2237 paris
1453 2166 1631 2220 naturalibus
1654 2165 1766 2219 conano
1789 2181 1850 2217 enm
1876 2179 1934 2218 esse
1957 2180 2008 2232 po·

311 2252 534 2322 Respondemus:
561 2251 625 2306 Hoc
648 2250 859 2320 pronuntiamus
876 2249 904 2303 in
923 2249 1015 2319 ipsum
1032 2252 1148 2302 naturae
1173 2254 1267 2307 tuisse
1311 2253 1535 2324 Respondemus:
1569 2251 1714 2322 Corruptio
1739 2250 1789 2304 illa
1812 2255 1945 2318 naturae,
1973 2250 2008 2303 de

310 2338 449 2393 hnmanae
473 2337 601 2408 opificem
627 2337 758 2408 injurium
784 2352 852 2390 etta
896 2334 970 2403 Quid
997 2333 1090 2389 enim?
1118 2333 1149 2388 Si
1174 2355 1230 2410 qua
1253 2340 1307 2395 hoc
1330 2339 1392 2394 loco
1416 2339 1588 2411 quaerimus,
1616 2356 1672 2395 non
1696 2343 1805 2392 tantum
1830 2336 1860 2390 in
1878 2335 2008 2395 membris

311 2440 445 2494 praecepa
463 2423 513 2477 illa
530 2424 567 2478 ad
585 2423 656 2477 vitia
674 2422 818 2478 inclinatio
834 2421 889 2476 fuit
907 2421 936 2475 in
952 2420 1062 2475 Adamo
1083 2425 1148 2473 inte
1174 2425 1297 2497 corporis
1314 2442 1366 2481 nec
1385 2426 1415 2480 in
1432 2425 1606 2481 inlationibus
1624 2425 1732 2479 animae
1750 2422 1895 2494 potentiis,
1913 2422 2007 2477 sedin

312 2510 436 2580 blitum,
462 2525 513 2563 cur
539 2509 682 2579 apostolus
708 2516 766 2563 tam
793 2506 987 2562 miserabiliter
1013 2522 1074 2561 eam
1101 2506 1148 2560 de·
1174 2512 1236 2582 ipsa
1261 2511 1345 2568 mam
1364 2511 1482 2566 hominis
1502 2517 1594 2566 mente
1615 2527 1649 2565 ac
1667 2508 1803 2581 supremis
1821 2509 1929 2564 animae
1945 2508 2009 2562 viri·

312 2595 423 2666 plorat?
456 2611 524 2648 num
552 2595 581 2648 in
609 2600 733 2648 assumta
760 2600 861 2648 natura
893 2592 1016 2647 humana
1046 2589 1149 2647 Christi
1175 2597 1228 2652 bus
1244 2598 1405 2670 quaerenda
1422 2604 1473 2665 est
1493 2604 1524 2652 ut
1543 2597 1572 2651 in
1592 2595 1718 2668 sequenti
1736 2595 1797 2650 loco
1816 2595 1957 2649 evidenter
1976 2611 2009 2650 ex

313 2683 411 2736 cadem
430 2680 589 2745 inclinatio,
606 2697 735 2752 repressa
751 2685 845 2734 tamen
863 2696 913 2750 per
931 2679 1034 2733 donum
1053 2694 1148 2748 super·
1176 2684 1320 2754 Scriptura
1332 2683 1501 2739 docebimus.
1512 2683 1645 2753 ¹Proinde
1656 2682 1784 2738 nnebrss
1796 2681 1858 2735 illas
1869 2680 1899 2734 in
1910 2687 2009 2744 mente,

313 2766 462 2822 naturale?
487 2784 556 2821 num
580 2768 610 2820 in
632 2766 728 2822 electis
746 2766 861 2821 eadem?
885 2764 991 2835 Utique
1009 2782 1042 2820 ex
1061 2763 1149 2834 hypo-
1175 2769 1320 2824 horribiles
1343 2768 1405 2823 illas
1430 2769 1631 2836 dubitationes,
1655 2784 1814 2837 perversum
1834 2766 1870 2821 de
1887 2764 1964 2820 Ι)Εο
1982 2770 2011 2820 et

314 2854 440 2909 thesibus
460 2852 634 2920 Bellarmini,
658 2852 681 2906 si
707 2852 780 2907 enim
799 2851 921 2906 conditio
938 2850 1072 2905 materiae
1088 2851 1149 2920 ejus
1175 2855 1257 2910 modo
1275 2872 1339 2910 cum
1354 2855 1463 2910 colendi
1473 2855 1618 2926 judicium,
1637 2851 2010 2913 aversioneminroluutate,

316 2939 503 2995 inclinationis
530 2955 630 3006 causa,
660 2944 807 3008 sequetur,
837 2936 996 3008 ubicunque
1027 2942 1070 2991 est
1100 2935 1149 2990 illa
1175 2941 1291 3004 ἀπαξίαν
1308 2941 1474 3008 affectuum,
1500 2940 1707 2996 inclinationem
1730 2938 1768 2992 ad
1788 2938 1877 2992 omnis
1899 2936 2009 3008 generis

314 3025 447 3081 materiae
469 3024 607 3092 conditio,
631 3022 672 3078 ibi
697 3023 781 3080 efiam
797 3041 859 3080 esse
875 3023 1055 3094 praecipitem
1072 3022 1149 3076 illam
1176 3028 1300 3085 enormia
1326 3035 1455 3100 peccata,
1482 3044 1600 3099 pronum
1627 3025 1761 3096 impetum
1789 3024 1826 3078 ad
1855 3022 2009 3090 avaritiam,

315 3110 530 3167 inclinationem.
563 3110 768 3165 Detesmudum
784 3127 850 3165 vero
867 3117 910 3165 est
927 3126 1011 3180 quam
1022 3108 1149 3176 maxime,
1174 3114 1318 3183 libidines,
1344 3113 1502 3184 superbiam
1521 3121 1574 3169 etc.
1594 3112 1680 3168 tuisse
1698 3112 1727 3166 in
1744 3110 1834 3183 primo
1853 3109 1963 3165 homine
1980 3109 2010 3163 in

315 3199 386 3270 quod
418 3196 605 3252 Bellmminus
640 3195 729 3266 ipsam
760 3195 842 3266 primi
874 3195 992 3250 hominis
1020 3200 1148 3273 neumam
1175 3201 1252 3272 puris
1276 3200 1450 3255 naturalibus
1471 3200 1596 3267 condito,
1619 3216 1761 3270 nunquam
1778 3196 1939 3269 persuaderi
1956 3196 2010 3251 sibi

315 3283 517 3341 amatissimam
540 3281 594 3337 hae
622 3281 776 3354 ignominia
793 3281 892 3352 affici,
916 3287 949 3336 ut
967 3281 1149 3354 praecipitem
1174 3288 1309 3359 patietur,
1333 3287 1381 3359 qui
1400 3282 1511 3342 DEUM
1528 3285 1645 3342 hominis
1662 3285 1788 3357 opificem
1806 3282 2010 3340 sanctissimum

316 3373 349 3427 ad
376 3372 449 3427 vitia
478 3370 688 3425 inclinationem
717 3371 744 3426 ei
771 3370 891 3439 tribuat,
922 3387 977 3442 quo
1002 3376 1149 3439 corruptae
1176 3381 1205 3429 et
1222 3373 1464 3445 sapientissimum,
1483 3372 1532 3444 qui
1550 3372 1689 3429 hominem
1705 3372 1773 3427 DEI
1791 3369 1931 3443 opificium
1948 3370 2008 3442 pul·

316 3466 430 3514 murae
451 3457 638 3529 integritatem
660 3474 694 3511 ac
719 3472 835 3527 operum
852 3457 1034 3511 humanorum
1051 3455 1150 3511 merita
1175 3459 1342 3516 cherrimum
1361 3467 1390 3515 et
1407 3459 1614 3515 immaculatum
1631 3457 1802 3529 cogitaverit.

316 3543 438 3599 snbssire
465 3550 557 3614 queat
600 3542 738 3598 Nimirum
763 3543 816 3599 hoc
842 3550 885 3598 est
906 3560 970 3598 cum
997 3542 1149 3614 ignominia
1211 3554 1253 3603 tt.
1291 3551 1330 3603 13.
1365 3545 1488 3601 Aeterna
1506 3545 1651 3601 beatitudo
1671 3543 1734 3599 finis
1757 3549 1800 3599 est
1822 3542 1938 3598 hominis
1961 3557 2009 3597 na·
2035 3544 2067 3588 18-

315 3630 447 3687 miens
463 3630 554 3701 ipsum
571 3648 642 3702 opus
659 3630 801 3685 honorare.
1175 3633 1280 3688 turalis.
1320 3632 1397 3703 Ergo
1422 3631 1506 3686 etiam
1531 3631 1628 3686 debuit
1650 3630 1731 3685 homo
1756 3629 1848 3686 media
1872 3628 2010 3683 naturalia
2132 3623 2139 3633 “

277 3723 297 3767 lt
347 3724 391 3773 74.
429 3721 471 3772 10.
508 3715 538 3771 Si
560 3716 643 3771 homo
664 3716 793 3771 conditus
816 3732 835 3771 a
853 3716 915 3772 Deo
933 3722 1025 3771 recum
1042 3715 1149 3787 absque
1175 3719 1212 3773 ad
1247 3736 1310 3773 eum
1331 3718 1425 3780 ,finem
1455 3717 1637 3772 obtinendum
1667 3716 1787 3784 habere,
1823 3715 1890 3769 alias
1919 3714 2008 3769 brutis

317 3804 371 3859 ulla
387 3802 538 3866 curante,
557 3802 671 3870 deinde',
688 3803 713 3857 ei
728 3802 831 3858 DEUS
848 3804 956 3873 peccati
973 3809 1071 3858 auctor
1088 3817 1149 3857 esse
1174 3804 1272 3860 fuisset
1300 3803 1427 3861 deterior.
1461 3802 1572 3873 Excipit
1587 3802 1786 3870 Bellarminus,
1812 3801 2009 3857 beatitudinem

315 3890 420 3962 nequit,
437 3905 494 3943 non
510 3896 602 3958 potest
610 3888 673 3956 dici,
693 3888 769 3961 quod
780 3889 899 3959 impetus
910 3888 1149 3959 concupiscentiae
1176 3909 1235 3945 csse
1256 3893 1345 3959 finem
1375 3890 1494 3944 hominm
1521 3890 1693 3958 amarciem,
1724 3891 1820 3959 qssoad
1844 3888 2008 3958 appetitam,

315 3977 405 4031 Mae
438 3974 543 4029 tuerint
575 3974 604 4029 in
638 3974 756 4030 homine.
809 3975 920 4046 Excipit
954 3974 1148 4041 Bellarminus,
1175 3995 1231 4032 non
1248 3979 1344 4047 qssoad
1362 3977 1589 4044 emneentionem,
1606 3992 1656 4029 nec
1675 3993 1733 4030 esse
1750 3992 1849 4029 nonam
1867 3976 1913 4038 id,
1933 3977 2010 4044 qnod

314 4064 396 4118 iliam
415 4062 595 4116 rebellionem
613 4062 825 4131 sutejnatitiae
837 4063 988 4130 oripinalsb
999 4069 1149 4115 contemnes
1175 4067 1257 4120 homo
1283 4065 1453 4118 naturaiiter
1475 4064 1596 4133 appetit,
1623 4081 1679 4118 nen
1695 4080 1778 4132 posse
1794 4064 1895 4133 absque
1912 4079 2009 4133 eaper-

309 4150 415 4215 sru'sse.
456 4148 681 4218 Respondemus:
708 4148 801 4204 Nihilo
829 4155 923 4204 umen
944 4148 1036 4204 minus
1060 4147 1150 4203 inerat
1175 4152 1305 4206 natarali
1322 4151 1431 4205 anxilio
1449 4151 1569 4205 obtineri
1574 4174 1583 4214 ;
1611 4150 1639 4204 si
1654 4150 1699 4203 nel
1715 4150 1835 4203 manime
1852 4150 1933 4203 mmo
1952 4166 2009 4203 non
2041 4146 2046 4162 ’

315 4235 390 4291 actui
407 4234 505 4306 pmmo,
523 4234 590 4305 quia
606 4239 712 4289 remoto
723 4234 866 4306 originmis
877 4234 1005 4305 justitiae
1017 4235 1148 4305 superati·
1175 4239 1336 4293 obtinuisset
1352 4239 1448 4292 medin
1459 4238 1501 4291 ast
1512 4237 1717 4297 beatstadincm,
1731 4244 1823 4290 tamen
1830 4237 1918 4303 finem
1929 4254 2009 4288 suum

315 4323 374 4378 dito
396 4322 483 4386 dono,
512 4339 546 4376 ex
569 4321 637 4391 ipsis
659 4326 775 4376 naturae
800 4319 946 4390 principiis
969 4322 1149 4392 promanavit
1174 4325 1347 4392 naturalem,
1376 4325 1426 4393 qni
1442 4332 1482 4378 eet
1500 4324 1671 4379 rationando
1693 4322 1836 4375 unitatem
1858 4322 2008 4391 inquirere,

316 4409 370 4475 Qui
396 4408 537 4478 leprosum
564 4424 665 4476 eorpus
690 4422 814 4478 purpura
836 4406 941 4474 induit,
965 4406 1071 4477 lepram
1094 4425 1148 4462 nou
1175 4418 1334 4467 canaonas
1342 4411 1456 4479 sitisset.
1478 4407 1845 4479 Respondemusrimovero
1856 4406 2009 4462 absurdum

315 4496 403 4564 tollit,
425 4494 476 4551 ssd
494 4494 647 4549 abscondit
682 4494 811 4549 Alterum
829 4492 1050 4564 subterfugium,
1075 4494 1148 4565 quod
1176 4496 1335 4564 estdiccre,
1354 4495 1428 4567 quod
1446 4494 1590 4550 beatitudo
1607 4493 1780 4552 sithominis
1796 4492 1859 4549 finis
1873 4494 2008 4549 naturalis

317 4581 431 4637 rebellio
453 4580 505 4636 illa
527 4586 638 4651 praeter
654 4579 833 4634 intentionem
852 4577 920 4633 DEI
939 4595 973 4633 ex
992 4579 1150 4636 conditione
1176 4585 1262 4656 [quod
1279 4583 1357 4638 nulla
1372 4580 1464 4652 speeie
1482 4580 1580 4652 negari
1599 4586 1705 4651 potest,
1723 4598 1786 4635 cum
1802 4598 1859 4636 non
1876 4580 1912 4636 ad
1929 4580 2008 4649 hanc,

318 4667 450 4723 materiae
478 4666 576 4723 fuisset
605 4671 768 4730 consecuta,
808 4665 986 4720 discussimus
1015 4665 1150 4735 superius.
1175 4670 1225 4726 sed
1241 4669 1279 4723 sd
1296 4675 1436 4723 aeternam
1450 4666 1537 4721 vitam
1554 4666 1635 4722 homo
1652 4667 1824 4736 potissimum
1837 4667 1874 4722 sit
1889 4667 2007 4734 creatas]

264 4754 442 4810 nTertium
471 4753 634 4817 latibulum,
663 4754 738 4824 quod
767 4751 883 4807 rebellio
912 4757 940 4806 et
969 4768 1057 4823 prava
1085 4768 1150 4806 cou-
1175 4762 1205 4811 et
1225 4755 1344 4823 addere,
1376 4753 1450 4825 quod
1473 4752 1565 4807 media
1590 4752 1770 4808 beatitudiuis
1794 4752 1868 4808 illius
1889 4750 1934 4807 rel
1954 4750 2010 4805 sint

319 4839 490 4912 cupiscentia
514 4857 566 4894 nec
588 4846 735 4910 peccmum
760 4839 798 4894 sit
819 4856 871 4894 nec
887 4838 925 4893 ad
940 4846 1086 4909 peccatm
1102 4857 1150 4894 ue-
1175 4841 1280 4896 homiui
1306 4841 1443 4911 denegata
1468 4838 1513 4894 rel
1536 4857 1592 4895 non
1608 4838 1713 4895 fuerint
1730 4839 1876 4894 naturffia
1909 4839 2007 4893 Exem-

319 4925 438 4983 ccaaario
456 4925 577 4990 inducat,
595 4943 646 4981 suo
664 4926 865 4983 examinabitur
881 4924 950 4981 loco.
1176 4928 1254 4998 plum
1277 4926 1361 4995 illud,
1389 4926 1464 4998 quod
1481 4925 1664 4981 Bellarminns
1682 4924 1787 4997 profert
1803 4925 1838 4980 de
1855 4923 2008 4988 animabus,

273 5016 301 5060 ¹¹·
354 5020 394 5069 tt.
434 5018 474 5067 11.
510 5011 614 5068 Conna
643 5021 817 5069 accusatores
845 5018 962 5066 naturae
990 5011 1080 5067 solent
1102 5026 1150 5082 pa·
1175 5029 1248 5084 quae
1273 5012 1433 5082 corporibus
1458 5011 1564 5067 solutae
1589 5012 1745 5067 naturalem
1765 5011 1868 5066 habent
1890 5028 2009 5081 propen-

319 5106 373 5155 nes
397 5097 509 5170 peceati
534 5098 676 5169 originalis
700 5098 886 5169 corruptelam
907 5103 1001 5152 nostm
1026 5098 1093 5152 vitio
1110 5097 1150 5151 in·
1175 5100 1282 5155 sionem
1295 5099 1332 5154 ad
1345 5115 1468 5169 corpora,
1486 5106 1515 5155 et
1531 5105 1625 5153 tamen
1642 5116 1698 5153 non
1715 5102 1832 5168 possunt
1843 5096 1902 5153 sine
1915 5115 2009 5168 super·

319 5191 427 5241 vectam
453 5200 605 5253 opponere,
630 5202 686 5238 non
711 5184 800 5255 ipsam
826 5189 967 5248 naturm,
992 5191 1024 5238 ut
1045 5183 1152 5238 faciunt
1177 5185 1298 5241 natmali
1318 5184 1420 5240 auxilio
1441 5184 1602 5255 corporibus
1620 5183 1761 5255 conjungi,
1781 5183 1903 5240 alienum
1920 5191 1963 5240 est
1981 5189 2031 5240 et.

320 5272 438 5334 ethuici,
478 5286 625 5326 uosmeam
663 5270 762 5327 facere.
814 5271 928 5341 Excipit
957 5270 1151 5335 Bellarminus,
1176 5272 1371 5343 impertinens,
1391 5270 1458 5342 quia
1475 5288 1526 5341 per
1542 5276 1686 5340 pmcatum
1704 5269 1787 5341 primi
1800 5267 1918 5325 homiuis
1936 5288 2009 5327 mors

319 5368 389 5413 reete
408 5358 462 5412 boa
479 5358 584 5425 dormi,
603 5358 683 5426 qnod
698 5375 755 5410 non
772 5359 836 5427 ipsa
855 5366 961 5411 nmero
980 5358 1151 5423 manenda,
1177 5358 1335 5412 introducta
1351 5364 1394 5412 eet
1410 5358 1439 5411 in
1452 5356 1594 5426 mundum,
1612 5374 1662 5427 per
1678 5372 1760 5426 quam
1775 5356 1816 5420 fit,
1835 5363 1866 5411 ut
1882 5356 1974 5413 anima
1992 5376 2010 5413 a

319 5447 368 5499 snt
392 5445 426 5498 in
452 5443 593 5515 originale
617 5450 762 5510 peecatum
785 5460 872 5497 cansa
898 5443 1020 5497 osnniasn
1044 5458 1151 5495 aaran
1176 5460 1291 5515 corpore
1312 5450 1458 5514 separetur
1486 5460 1537 5499 nec
1559 5441 1614 5497 uisi
1635 5441 1839 5512 supernaturali
1863 5443 1966 5498 auxilio
1984 5444 2009 5499 ei
2097 5441 2101 5452 ’

319 5548 419 5585 aarum
436 5530 643 5590 transferenda
659 5529 704 5582 sit.
737 5519 962 5598 Respondemus:
981 5526 1071 5582 Paulo
1087 5532 1153 5598 post
1175 5528 1296 5584 neusin
1313 5529 1445 5600 conjungi
1464 5529 1563 5599 pussit3
1584 5527 1634 5582 sed
1652 5527 1758 5598 primus
1777 5528 1858 5584 homo
1876 5529 2009 5584 advitam

320 5616 439 5682 additur,
458 5613 585 5670 deiectus
604 5614 666 5669 illos
685 5632 718 5669 ex
729 5613 887 5669 conditione
899 5613 1031 5669 materiae
1040 5619 1151 5684 praeter
1175 5620 1316 5671 aeternam
1333 5614 1469 5682 conditus,
1487 5613 1516 5667 in
1529 5614 1679 5682 justitient
1690 5614 1836 5671 sanctitate
1849 5632 1914 5670 vera
1927 5615 2008 5670 dmul

320 5703 500 5758 intentionem
528 5701 637 5772 agentis
665 5702 695 5756 in
723 5701 833 5758 homine
858 5701 1003 5769 exsistere,
1034 5700 1151 5771 quodsi
1175 5701 1303 5758 conditus
1329 5699 1399 5770 init,
1426 5716 1476 5771 per
1497 5714 1582 5768 quam
1605 5702 1754 5767 accedente
1777 5702 1897 5774 Spiritus
1921 5701 2009 5756 saneti

320 5806 350 5843 ex
386 5789 451 5860 ipsa
484 5789 616 5845 materiae
649 5788 806 5844 conditione
823 5787 979 5857 ,cunnum
1015 5793 1150 5858 quomodo
1175 5788 1268 5859 gretia
1295 5785 1379 5842 finem
1401 5785 1479 5841 illum
1497 5800 1579 5838 suum
1596 5785 1720 5843 obtinere
1737 5790 1881 5859 potuisset
1915 5785 2009 5842 Frivo-

318 5893 373 5931 nou
395 5882 545 5929 accusatur
568 5875 631 5945 ipsa
654 5876 774 5934 natura?
803 5891 906 5931 mum
931 5879 986 5939 est,
1012 5874 1088 5945 quod
1109 5873 1150 5929 di·
1176 5874 1234 5929 lum
1251 5878 1307 5938 est,
1328 5871 1404 5944 quod
1421 5870 1550 5928 Bellarm.
1569 5870 1697 5943 obvertit,
1715 5874 1874 5929 mss-atem
1890 5871 2010 5928 hanins
