5017 6675
454 619 471 677 4
1153 587 1205 662 Ill:
1224 581 1443 662 censemus

451 757 581 818 4141444444
598 770 625 817 et
642 765 816 818 1411414444
826 764 870 817 iel
875 757 1028 834 protonat
1039 761 1082 816 ve'l
1093 751 1285 833 ptifitiendal
1313 755 1407 814 11114444
1428 749 1478 813 titt
1500 751 1598 828 postes
1621 753 1737 827 tngelos
1755 742 1809 808 llll
1835 749 1973 807 mulleos
1990 747 2153 819 1111114411,

451 850 563 906 virtutie
579 867 666 905 eausa
684 854 783 904 nocere
800 851 957 918 coeperint,
969 849 1092 915 filtrum
1109 865 1174 917 erpo
1189 854 1286 902 ereata
1312 845 1442 917 colligere
1460 849 1621 916 promptum
1640 848 1690 905 cst,
1709 858 1802 897 eornm
1821 846 1972 895 creatorem
1985 834 2152 896 4444114414

453 938 582 1007 innoxia,
606 938 658 991 4441
681 944 803 1008 propter
827 943 972 1006 peecatum
990 937 1078 1002 saeta
1103 942 1167 988 eunt
1191 932 1285 988 noxia
1313 932 1357 987 cni
1390 948 1441 985 sua
1472 929 1585 986 servitia
1614 924 1786 999 impendunt.
1834 923 1990 980 Manichaei
2018 924 2154 980 halabant

454 1021 581 1079 Observa
600 1017 696 1078 locum
710 1023 937 1093 34414444
965 1021 1077 1076 Greavit
1096 1025 1174 1075 Deve
1193 1019 1288 1074 omnia
1313 1017 1457 1073 admittere
1480 1015 1595 1088 angelos
1622 1032 1640 1070 4
1665 1014 1726 1070 Deo
1752 1010 1877 1068 conditos
1904 1024 1977 1082 esse,
2004 1018 2077 1067 teste
2094 1011 2154 1066 Am

454 1112 493 1168 41ς
513 1109 543 1162 sd
562 1109 640 1177 41444,
659 1113 704 1162 441
723 1107 849 1183 δωτήριοι
870 1111 1032 1180 4144νέ444
1052 1110 1100 1162 τοῦ
1117 1106 1237 1178 κόσμου,
1263 1115 1289 1160 44
1313 1109 1387 1176 gast,
1415 1108 1455 1158 21.
1481 1108 1578 1156 contra
1601 1101 1736 1155 1144444444
1759 1106 1834 1155 41.
1863 1098 1912 1152 sed
1930 1096 2098 1154 Damnem.
2130 1104 2154 1154 2.

455 1213 512 1248 444
529 1202 569 1248 est
585 1194 616 1247 in
632 1150 693 1247 illis
706 1195 894 1262 pharmacum
908 1195 1103 1264 pernitiosum
1314 1187 1383 1243 orth
1408 1186 1455 1243 fid.
1479 1204 1503 1244 e.
1528 1193 1552 1243 3.
1576 1199 1651 1243 recte
1677 1185 1733 1240 illis
1754 1182 1807 1240 hot
1829 1184 1955 1255 opponit:
1997 1185 2156 1240 &saiwan

328 1283 441 1376 Chgffiffi.
492 1286 533 1338 34.
568 1279 730 1334 Inhomlnis
744 1281 884 1336 creatione
896 1281 1018 1335 notanda
1029 1287 1162 1351 quatuor
1178 1284 1198 1333 1.
1213 1276 1288 1348 quod
1314 1293 1374 1329 44444
1391 1275 1616 1343 civitatatem
1636 1278 1912 1341 essencnposennt

455 1365 533 1423 Deus
558 1367 593 1420 ad
619 1382 682 1420 eam
707 1382 867 1422 accessurus
885 1365 1110 1422 deliberationem
1129 1363 1209 1436 quasi
1228 1380 1288 1416 sus

453 1452 531 1523 cipit,
551 1452 625 1523 quod
644 1463 702 1508 444144
720 1452 774 1507 Dei
793 1451 994 1519 infirmitatem,
1012 1452 1062 1507 sed
1080 1449 1197 1506 hominis
1209 1465 1288 1520 prae·

455 1537 584 1593 stantiam
599 1537 706 1609 arguit3
726 1544 749 1593 2.
769 1538 844 1610 quod
864 1537 944 1593 homo
962 1543 1025 1609 post
1044 1536 1201 1592 absolutum
1219 1534 1289 1590 coeli

455 1641 488 1679 ac
508 1631 598 1678 terrae
619 1622 758 1695 opificium
776 1641 809 1679 ac
828 1632 891 1696 post
914 1641 1007 1679 omnes
1026 1624 1136 1679 demum
1148 1628 1288 1678 creaturas

455 1709 597 1775 conditus,
624 1715 667 1764 est
690 1710 763 1765 enim
787 1708 974 1785 μικρόκοσμος
1000 1717 1027 1764 44
1045 1709 1141 1764 mundi
1160 1707 1288 1779 epitome.
1603 1744 1827 1809 memo
1861 1746 1879 1807 1

456 1794 558 1849 Pnlcre
586 1801 707 1850 veteres:
748 1794 828 1850 Philo
863 1796 898 1852 de
932 1796 1026 1851 mund.
1063 1794 1128 1866 opis.
1161 1793 1288 1848 Ambros.
1881 1790 1887 1806 ⁸

320 1887 364 1963 jv.
380 1886 413 1928 44.
455 1880 542 1952 Epist
569 1885 611 1937 44.
629 1880 769 1953 chrysost.
788 1881 925 1938 homile
944 1880 1078 1936 initam:
1101 1881 1289 1943 4144444444-
1399 1888 1466 1954 Dg
1494 1885 1699 1953 NOMINE
1732 1883 2067 1953 ANGELORUM

454 1968 522 2020 dnm
540 1969 729 2021 convivatores
742 1985 798 2020 nan
808 1969 890 2037 priua
903 1969 944 2021 ad
956 1985 1070 2021 coenam
1082 1975 1290 2036 carantocum

455 2053 587 2106 inctrrseto
617 2054 699 2131 prins
730 2052 868 2123 convivio,
895 2062 919 2106 et
946 2054 996 2124 mai
1023 2055 1107 2106 edunt
1138 2053 1220 2107 144144
1242 2059 1291 2104 aut
1352 2061 1393 2113 36.
1430 2054 1578 2111 Sciendum
1599 2062 1654 2124 est,
1672 2055 1711 2110 414
1728 2054 1892 2110 Ambrosius
1910 2061 2036 2124 superi.
2057 2052 2199 2148 Hebes·

356 2187 358 2191 ,
456 2138 624 2193 athletarum
650 2138 825 2238 spectacula,
860 2140 1027 2209 primqnam
1052 2146 1220 2209 spectatores
1244 2155 1290 2191 co
1317 2141 1391 2211 qnod
1408 2141 1691 2213 angelranomenest
1705 2141 1798 2207 officii,
1816 2146 2008 2194 nonnaturee.
2033 2113 2199 2202 114444νί4114

455 2227 513 2278 cati
528 2226 692 2279 conveniant
709 2226 740 2279 in
758 2226 866 2279 theatra
885 2225 928 2279 vel
940 2229 1035 2279 stadia
1038 2226 1290 2296 ,paranteopiam
1317 2229 1400 2297 lnjna
1418 2236 1537 2281 natame
1554 2230 1674 2281 nemeis!
1697 2228 1813 2297 spiritns
1832 2235 1889 2294 444,·
1906 2226 2020 2296 emerit
2039 2226 2158 2295 officiii

455 2319 677 2365 concertatorum
712 2327 860 2380 commone
886 2328 994 2380 reram,
1029 2328 1101 2381 4444
1128 2314 1170 2365 acl
1196 2311 1291 2364 oenias
1317 2314 1440 2382 44941444,
1477 2315 1580 2382 11444,
1597 2315 1734 2383 44441444,
1753 2314 1937 2383 estspiritne:
1964 2327 1998 2366 44
2015 2327 2056 2379 eo,
2077 2305 2158 2380 qaod

457 2414 593 2467 anreeqne
616 2397 797 2451 oblectandae
824 2399 980 2466 pertinent:
1017 2399 1059 2451 ita
1085 2399 1168 2451 etiam
1194 2399 1293 2450 mnndi
1317 2401 1384 2467 opit,
1405 2401 1537 2469 anpelne:
1554 2402 1622 2470 qaia
1643 2401 1758 2469 anpelae
1780 2398 1896 2467 Graece,
1917 2399 2031 2453 4444441444
2051 2399 2156 2452 [satine

457 2484 542 2536 totins
559 2484 741 2553 palernator,
765 2493 914 2553 antequam
931 2484 1090 2537 convivator
1108 2486 1291 2552 lndommqae
1318 2487 1430 2540 dicitnr.
1451 2488 1529 2540 Sient
1540 2488 1727 2542 lomonomen
1739 2495 1867 2550 44444444,
1879 2488 2035 2541 nudavere
2045 2486 2155 2554 offlm'i:

453 2570 621 2638 praefectus
638 2569 774 2623 hominem
794 2571 835 2623 ad
850 2569 1099 2623 conviciumsimnl
1116 2570 1291 2624 attererem
1316 2574 1358 2626 sie
1382 2573 1470 2642 enim,
1496 2574 1544 2642 qai
1569 2582 1649 2627 erant
1665 2574 1732 2642 jam
1754 2573 1886 2642 44441444,
1911 2572 2021 2625 conditi
2038 2590 2057 2624 a
2077 2589 2155 2624 4444-

455 2656 676 2710 sacratissimam
712 2663 838 2724 voearet,
876 2656 997 2708 alterum
1033 2656 1135 2725 negtiis,
1171 2656 1291 2708 41444444
1317 2667 1376 2712 4444
1395 2661 1458 2713 Deo
1474 2659 1555 2726 facit
1581 2676 1627 2713 eos
1654 2658 1783 2726 ampelos,
1807 2659 1940 2711 mittendo
1958 2674 2004 2712 eos
2021 2658 2156 2712 nmstiare

456 2741 622 2812 spectaculis
649 2742 734 2810 prins
768 2741 898 2795 instravit
935 2750 960 2794 44
991 2742 1127 2794 hominem
1159 2742 1188 2794 in
1219 2742 1292 2795 lane
1317 2747 1393 2815 quod
1409 2747 1532 2813 jnraverit.

455 2829 587 2882 mandam
607 2827 691 2898 qnasi
706 2828 736 2880 in
748 2827 933 2896 domamjam
943 2835 1076 2897 paratam
1088 2836 1113 2881 ct
1125 2829 1290 2881 instructam
1353 2837 1393 2886 31.
1430 2831 1538 2886 Nomen
1557 2829 1680 2903 angeli
1668 2827 1821 2902 ομώνυμον
1839 2830 1896 2885 sive
1909 2829 2091 2901 aequivocum
2103 2835 2155 2898 est,
2165 2828 2199 2902 Op

455 2914 617 2968 introducit.
654 2913 740 2969 Basil.
764 2913 835 2969 116.
856 2911 918 2969 hex
936 2930 959 2967 4.
980 2919 1010 2968 34
1037 2914 1115 2966 Fecit
1132 2916 1213 2967 Deae
1230 2932 1290 2968 coe·
1318 2924 1446 2973 monente
1460 2918 1561 2989 Epiph.
1580 2918 1684 2973 haeres
1704 2916 2049 2989 49.ρ.344.2411441444
2066 2916 2154 2972 enim:
2147 2904 2199 2959 ⁴¹¹

457 3001 528 3068 lum,
547 3019 604 3054 non
622 3001 699 3069 layo,
718 3003 796 3070 44οά
811 3001 992 3070 requieverit,
1008 3001 1078 3066 feeit
1097 3010 1218 3066 terram,
1235 3020 1291 3056 non
1322 3012 1342 3059 l
1361 3004 1462 3076 angelo
1481 3004 1618 3073 increato,
1638 3003 1694 3058 Dei
1711 3003 1796 3071 Filio,
1817 3003 1866 3075 qui
1883 3009 2030 3074 propterea
2051 2979 2182 3058 dicitur
2168 3031 2199 3066 in

457 3089 535 3158 lepo,
556 3089 634 3157 444441
649 3087 833 3155 requieverit,
854 3087 926 3153 fecit
941 3088 1041 3152 solem,
1066 3088 1161 3141 lenam
1182 3097 1207 3141 ct
1224 3089 1291 3142 stel-
1318 3092 1442 3164 angelus,
1462 3090 1528 3162 quia
1546 3097 1589 3146 444
1603 3107 1723 3162 persona
1740 3090 1803 3159 illa,
1821 3106 1871 3160 per
1889 3105 1973 3160 quam
1989 3089 2075 3144 Pater
2093 3106 2155 3144 cos·

357 3240 359 3245 ,
457 3171 515 3243 lac,
533 3190 582 3228 nee
600 3174 640 3227 ibi
656 3175 733 3242 lepo,
754 3174 832 3243 qnod
849 3174 1030 3243 requieverit,-
1053 3175 1105 3227 aed
1124 3175 1198 3243 lopo,
1215 3179 1293 3245 444οά
1317 3177 1395 3234 lestis
1420 3178 1528 3233 locutus
1552 3184 1594 3232 444
1616 3177 1653 3231 ad
1676 3175 1878 3247 patriarchen
1870 3194 1901 3230 444
1919 3175 1954 3231 V.
1972 3174 2004 3229 Τ.
2027 3181 2056 3230 44
2073 3193 2156 3246 quem

454 3259 557 3327 fecerit
579 3256 730 3328 laminam,
757 3267 783 3314 44
811 3268 874 3314 tune
896 3258 1077 3330 requieverit,
1103 3260 1219 3329 141444,
1247 3263 1294 3316 cai
1318 3266 1347 3319 in
1373 3263 1546 3336 plenitudine
1572 3263 1703 3334 temporis
1727 3262 1802 3317 misit
1825 3262 1854 3316 in
1879 3278 1990 3318 carnem
2015 3261 2084 3318 Gen.
2115 3270 2154 3329 44,

453 3354 573 3419 peccata
589 3346 747 3401 remitteret.
773 3352 797 3402 3.
812 3346 893 3412 Quod
913 3362 946 3401 ex
964 3346 1029 3402 limo
1043 3354 1133 3403 terrae
1146 3348 1290 3405 formatus.
1317 3370 1342 3406 4.
1363 3358 1386 3407 1.
1405 3368 1429 3405 4.
1447 3357 1494 3420 22,
1512 3368 1537 3404 r.
1560 3357 1598 3407 ll.
1618 3368 1641 3405 4
1660 3354 1707 3419 32,
1724 3366 1751 3404 v.
1771 3355 1812 3405 21.
1844 3348 1928 3406 Hose.
1950 3355 1993 3419 12,
2011 3366 2036 3402 v.
2058 3358 2082 3404 3.
2101 3358 2155 3404 etc.

456 3434 561 3489 Faetus
579 3431 720 3489 esthemo
737 3433 767 3488 in
784 3439 858 3489 terra
876 3434 1041 3503 etdeterra,
1068 3451 1123 3489 non
1139 3440 1232 3491 44444444
1254 3436 1290 3491 td
1319 3437 1499 3493 Observanda
1512 3437 1557 3492 hic
1571 3437 1682 3509 regula:
1702 3435 1926 3507 Quotiescunque
1935 3437 1979 3490 vel
1992 3452 2093 3491 nomen
2106 3437 2154 3492 14·

457 3528 560 3577 44444444
577 3537 629 3575 444
646 3527 761 3592 propter
774 3526 889 3590 terram,
907 3521 957 3575 sed
972 3520 1008 3574 ad
1019 3521 1126 3577 eoelum
1140 3529 1168 3577 et
1179 3530 1292 3596 propter
1317 3524 1406 3579 hovae
1427 3522 1472 3579 vel
1496 3522 1590 3579 divina
1613 3540 1698 3594 opera
1716 3536 1745 3578 et
1764 3522 1874 3576 divinus
1894 3522 1985 3577 cultus
2004 3523 2105 3593 angelo
2125 3524 2154 3576 in

458 3608 572 3663 coelum.
597 3605 748 3662 Bernhard.
763 3623 843 3661 serm.
859 3613 882 3663 3.
900 3606 929 3659 in
946 3607 1096 3661 4444114444.
1111 3607 1213 3663 44141.
1233 3606 1291 3662 111-
1318 3610 1461 3680 Scriptura
1490 3609 1641 3677 tribuatur,
1672 3608 1712 3663 ibi
1746 3607 1945 3679 intelligendus
1975 3607 2029 3662 Dei
2055 3607 2197 3679 11111444,111

457 3700 535 3749 verte
553 3692 649 3762 homo,
666 3691 733 3764 quia
749 3692 831 3746 limus
849 3709 891 3757 44,
909 3697 938 3746 44
953 3709 1009 3746 non
1028 3692 1066 3746 sis
1086 3694 1233 3764 superbus:
1318 3697 1446 3767 princeps
1467 3696 1580 3751 militiae
1608 3695 1752 3759 coelestis,
1776 3694 1938 3767 angelorum
1956 3694 2077 3749 omnium
2096 3695 2153 3750 Do·

492 3780 545 3833 Nil
561 3780 621 3832 nisi
638 3787 715 3833 terra
732 3797 834 3846 44444444,
851 3780 904 3832 sed
919 3787 995 3832 terra
1014 3779 1100 3832 nitet
1120 3781 1178 3833 nisi
1187 3784 1291 3851 famus,
1319 3782 1417 3848 minus,
1435 3782 1519 3836 Basil.
1540 3781 1588 3837 lib.
1608 3789 1630 3836 2.
1645 3788 1741 3836 contra
1754 3781 1868 3835 Eunom.
1889 3798 1916 3850 p.
1939 3785 1992 3836 128.
2032 3786 2056 3835 2.
2080 3798 2156 3836 crea·

529 3865 1217 3933 84414441114444144444,44444”144’1449ο4444444.
1319 3868 1354 3923 414
1380 3868 1537 3938 spiritibus,
1565 3875 1625 3922 tum
1650 3867 1729 3922 bouis
1748 3874 1807 3921 tum
1826 3866 1920 3936 malis,
1947 3868 2026 3938 cujus
2047 3866 2154 3938 signifi·

493 3958 516 4008 4.
552 3950 632 4015 Quod
664 3950 699 4003 ed
726 3949 874 4022 imaginem
899 3950 953 4005 Dei
980 3949 1085 4021 factus,
1118 3969 1175 4022 qua
1203 3953 1237 4008 de
1263 3973 1293 4010 re
1320 3954 1436 4009 cationis
1463 3954 1588 4023 exempla
1612 3960 1677 4008 sunt
1703 3952 1806 4024 ubique
1832 3952 1861 4005 in
1888 3951 2038 4024 Scripturis
2065 3952 2156 4006 obvia

459 4055 509 4093 suo
527 4038 596 4093 loco.
1322 4039 1486 4095 3141444441
1508 4039 1652 4110 Baptistae
1676 4036 1794 4093 Malach.
1819 4044 1849 4105 3,
1871 4057 1897 4092 4.
1927 4046 1947 4093 l.
1989 4038 2090 4095 Mettln
2117 4046 2156 4107 11,

1321 4132 1409 4181 414
1438 4125 1525 4181 Marc.
1546 4133 1568 4194 l,
1589 4144 1614 4178 v.
1635 4131 1658 4180 2.
1695 4124 2155 4195 411144144414444144144114433,

1322 4230 1347 4271 v
1372 4218 1395 4266 1.
1439 4210 1660 4278 Μ414414.2,4
1687 4216 1710 4264 1.
1752 4212 1841 4280 Apoc.
1869 4217 1890 4265 4.
1917 4216 1941 4265 2.
1966 4217 1989 4266 3.
2014 4216 2081 4279 444.,
2109 4212 2157 4282 qui

460 4274 729 4342 DIEXODOS
766 4274 832 4339 DE
868 4274 1099 4340 ANGELIS
1138 4276 1293 4346 (1111141-
1321 4305 1466 4369 propterea
1484 4297 1613 4351 dicuntur
1631 4296 1732 4368 angeli,
1751 4312 1817 4367 qma
1830 4313 1880 4366 pro
1893 4294 2004 4351 Christo
2016 4297 2157 4369 legatione

532 4377 687 4455 TURIS
719 4377 811 4444 DEI
843 4377 1219 4448 NOBILISSIMIS.
1321 4386 1517 4460 fungunturs
1537 4383 1598 4439 eor.
1620 4389 1643 4451 s,
1664 4400 1689 4436 v
1710 4388 1750 4437 4ο

1629 1532 1836 1539 ———.

330 4565 446 4618 tumeat
495 4551 535 4602 35.
572 4547 666 4617 Atque
689 4542 761 4600 haec
785 4552 827 4600 est
850 4546 998 4621 lesinione
1015 4547 1063 4602 illa
1082 4563 1197 4618 operum
1217 4566 1294 4606 crea·

333 4619 421 4662 1111111
459 4632 541 4689 tionis
567 4637 713 4704 οἰκονομία
738 4648 756 4686 a
779 4632 877 4703 Moyse
902 4632 1098 4703 prophetarum
1124 4635 1291 4708 reliquorum

460 4720 537 4775 fonte
553 4717 700 4788 descripta
737 4716 858 4781 Quaerat
874 4717 983 4789 aliquis,
1001 4738 1038 4772 nn
1057 4722 1196 4788 anpeliex
1209 4740 1293 4776 cenea

457 4814 653 4860 creaturarum
675 4812 828 4874 propterea
851 4806 983 4874 exempti,
1008 4807 1076 4874 qnia
1102 4824 1232 4875 ecpreece
1258 4812 1293 4863 cie
1570 4817 1715 4886 31:01³
1735 4824 1791 4886 10
1827 4825 1874 4886 11·

457 4893 518 4946 illie
542 4892 623 4946 nulla
643 4892 680 4961 fit
702 4891 826 4943 mentio?
852 4888 965 4945 Minime
989 4907 1067 4961 vero,
1093 4892 1159 4963 quie
1182 4902 1292 4964 praeter

458 4978 548 5033 Deum
575 4977 643 5032 nnn
670 4983 713 5031 en
739 4973 868 5029 4444444
897 4980 941 5028 „er
966 4974 1064 5030 4444.
1107 4977 1201 5049 nsque
1225 4980 1291 5036 anst
1386 4967 1450 5031 DE
1482 4964 1727 5032 ΤΕΜΡΟΒΕ
1761 4960 2087 5029 OREATIONIS

459 5064 602 5134 Scriptura
617 5062 764 5118 manifeste
782 5061 917 5130 ostendit,
945 5063 1059 5133 angelos
1077 5080 1137 5118 esse
1158 5066 1292 5137 conditos,
1569 5065 1902 5135 ANGELORU‘M

371 5220 373 5223 Δ
458 5150 614 5217 Psal.104‚
637 5169 663 5204 v
683 5157 707 5206 4.
738 5148 874 5215 Η4144.1,
897 5155 974 5205 414
1008 5149 1065 5211 Qut
1078 5151 1156 5214 faeie
1175 5154 1292 5219 anpelae

374 5237 376 5240 ’
459 5246 521 5291 taos
551 5237 669 5305 spiritns
704 5245 731 5291 et
767 5236 910 5290 4414144444
947 5244 1010 5289 taos
1032 5237 1179 5304 stammam
1210 5239 1291 5304 ipnis.
1353 5243 1393 5292 38.
1419 5234 1543 5308 Angelos
1560 5234 1686 5289 conditos
1705 5252 1764 5291 esse
1783 5252 1815 5290 ex
1833 5233 1982 5305 Scriptun's
1999 5238 2105 5288 certum
2124 5234 2199 5290 443ΙΙ

458 5320 1132 5397 04114.11414144ο(01441444)4ο44444·44
1148 5332 1213 5376 sant
1230 5326 1292 5377 ani
1318 5323 1494 5394 perspicuum
1514 5328 1563 5389 est,
1583 5321 1631 5375 sed
1651 5336 1705 5392 quo
1725 5322 1770 5377 die
1791 5320 1876 5376 creati
1893 5321 1955 5391 sint,
1975 5321 2076 5376 diserte
2095 5337 2151 5376 non
2167 5348 2199 5379 es

381 5444 396 5459 .
458 5427 538 5463 cerea
556 5407 688 5462 incaelis
706 5410 779 5461 etin
797 5388 1031 5475 terra,cisililia,
1049 5408 1107 5461 sive
1125 5409 1291 5462 4144414144
1318 5408 1491 5479 exprimitur;
1515 5407 1579 5462 hinc
1603 5407 1651 5462 illa
1677 5405 1874 5463 sententiarum
1893 5406 2017 5461 divortia
2052 5406 2151 5464 Hiero-

458 5495 676 5562 dominationes,
700 5494 757 5547 eive
772 5495 963 5565 principante,
982 5494 1040 5546 sive
1052 5502 1216 5562 potestatee,
1236 5515 1289 5549 om·
1318 5514 1393 5565 nym.
1427 5512 1510 5566 super
1535 5502 1563 5549 ·l.
1591 5494 1667 5564 epist
1695 5495 1730 5549 ad
1756 5493 1828 5550 Tim.
1864 5500 1928 5548 tom.
1958 5500 1982 5550 3.
2010 5492 2058 5550 iol.
2090 5500 2152 5550 120:

458 5584 507 5636 nia
528 5599 583 5652 per
601 5582 692 5650 speum
712 5587 737 5633 44
756 5581 786 5632 in
802 5581 864 5650 ipso
880 5587 978 5634 ereata
994 5587 1064 5633 sant.
1100 5580 1220 5636 Proinde
1240 5582 1291 5637 etsi
1320 5582 1374 5635 Sec
1396 5582 1476 5634 milia
1505 5583 1621 5634 necdum
1649 5582 1740 5634 4444444·
1764 5581 1839 5632 ordis
1865 5582 2016 5648 implentur
2036 5583 2108 5634 anni
2127 5592 2152 5636 et

458 5670 571 5740 Moyses
591 5668 621 5721 144
639 5682 690 5721 suo
708 5665 870 5722 1444144444
887 5666 1018 5722 disertum
1036 5666 1196 5737 angelorum
1216 5685 1290 5724 men·
1318 5677 1437 5737 quantae
1452 5667 1537 5736 princ
1554 5668 1738 5731 aeternitates,
1758 5675 1863 5734 quanta
1875 5672 2011 5735 ternpore,
2032 5675 2154 5736 44444444

458 5756 561 5811 tionem
579 5772 635 5810 non
652 5751 753 5821 iaciat,
780 5751 829 5807 sed
851 5769 885 5808 ea
901 5758 1009 5807 tantum
1027 5761 1221 5809 commemoret
1237 5755 1291 5810 Dei
1318 5754 1472 5808 4444444444
1492 5754 1614 5823 oripinee
1632 5753 1733 5817 fecisse
1753 5753 1947 5806 arbitrandum
1963 5760 2017 5816 est,
2044 5752 2076 5806 in
2093 5757 2154 5823 4444·-

459 5857 558 5913 opera,
585 5853 702 5913 quorum
719 5838 853 5911 pleraque
870 5838 1056 5895 4441441414
1074 5846 1139 5895 sunt
1155 5838 1291 5912 humanis,
1322 5843 1371 5895 1444
1391 5842 1492 5910 angeli,
1511 5841 1613 5909 tironi,
1634 5840 2026 5909 dominationeseaeteraeqne
2038 5841 2156 5897 virtutes
