5017 6675
926 646 936 657 .
953 599 1008 691 DEn
1023 595 1195 654 Puccs'ro
1213 594 1423 654 ORIGINALI.
1966 613 2023 671 161

336 758 472 819 quantum
489 752 599 806 tollitur
616 754 776 822 aequalitas
796 753 1003 824 temperamenti
1019 761 1045 807 et
1062 753 1171 806 sanitae
1198 758 1251 814 tur,
1269 752 1380 807 incenit.
1416 754 1540 810 Auselm.
1557 755 1592 810 de
1610 770 1687 811 conc.
1705 757 1775 829 virg.
1796 775 1819 814 o.
1839 763 1869 813 2:
1891 760 2026 812 remansit

336 845 364 890 et
387 838 503 907 aliquid
524 841 677 908 positivum
702 850 732 895 ut
755 842 832 910 ipsos
859 843 987 895 humores
1011 841 1171 895 inordinate
1195 838 1225 891 in
1237 848 1342 892 natraa
1359 841 1481 894 humana
1490 843 1642 915 (corrupta)
1661 843 1782 897 debitum
1788 844 1928 913 justitiae,
1942 864 2025 915 qaam

336 923 509 992 disposito&
524 927 567 979 ito
580 935 726 995 peccatum
744 927 883 995 oripinaIe
900 945 955 981 non
968 934 1008 982 eet
1020 945 1098 997 para
1108 927 1169 996 pri-
1194 926 1311 994 accepit,
1331 934 1357 980 et
1373 927 1493 981 deidam
1506 929 1711 998 satismciendi,
1730 932 1878 1003 prodeam
1892 933 2022 985 deseruit.

335 1010 422 1077 natio,
440 1013 492 1064 sed
506 1021 654 1082 cormptus
673 1014 789 1082 quidam
807 1014 926 1067 ιιιόιιιιι.
962 1013 1069 1069 Gereou
1090 1012 1169 1068 dicit:
1193 1010 1237 1065 De
1257 1011 1432 1082 corruptione
1449 1019 1564 1068 naturae
1581 1014 1639 1069 sive
1656 1015 1756 1070 vitiosa
1775 1017 1909 1087 qualitate
1929 1017 1968 1072 sic
1985 1017 2024 1071 lo

333 1095 433 1148 citium
452 1098 592 1165 oripinaie
611 1115 668 1153 essa
689 1100 878 1168 impotentiam
896 1101 938 1153 ad
952 1100 1052 1154 bonum
1069 1105 1095 1152 et
1117 1116 1169 1167 po·
1194 1103 1330 1168 quuntur:
1364 1096 1483 1170 August.
1505 1105 1525 1154 1.
1546 1100 1580 1154 de
1597 1107 1675 1170 nupt.
1693 1106 1721 1155 et
1738 1118 1816 1158 conc.
1838 1119 1862 1156 o.
1884 1109 1929 1158 25:
1954 1105 2022 1157 Con·

334 1183 449 1236 ιιιιιίαιιι
468 1185 509 1236 ιιι
526 1185 640 1239 malum.
1193 1184 1366 1253 cupiscentia
1397 1194 1437 1239 eet
1465 1187 1574 1256 affectio
1598 1190 1737 1257 quaedam
1761 1189 1853 1242 motae
1877 1189 2024 1259 qualitatis

370 1274 411 1324 79.
448 1268 522 1335 Quia
548 1287 614 1342 ergo
641 1287 735 1326 omnes
756 1271 893 1340 homines,
922 1271 971 1344 qui
995 1270 1115 1326 naturali
1135 1276 1169 1326 ἰι
1192 1270 1265 1325 riom
1289 1272 1417 1339 tanquan
1444 1289 1467 1327 c.
1486 1279 1532 1329 31:
1562 1272 1680 1327 Carnem
1699 1275 1853 1343 appellauit
1871 1276 2023 1344 apostotus,

333 1354 475 1410 communi
492 1357 677 1427 generationis
697 1375 779 1412 cursu
796 1364 955 1427 nuscuntur,
972 1364 1086 1429 peccato
1104 1362 1168 1411 sunt
1192 1358 1240 1410 ubi
1256 1366 1296 1411 eet
1313 1358 1457 1413 morbidae
1477 1361 1591 1429 quidam
1610 1363 1704 1414 carnis
1722 1363 1845 1431 affectus,
1866 1379 1949 1415 earne
1966 1379 2023 1415 ser-

333 1439 462 1509 obnoxii,
488 1441 550 1497 ideo
569 1443 652 1498 etiam
672 1461 766 1500 omnes
783 1451 884 1500 natura
900 1450 965 1500 sunt
981 1442 1032 1498 filii
1049 1443 1107 1498 irae
1127 1444 1166 1498 rei
1191 1443 1236 1496 uio
1257 1443 1315 1512 lepi
1329 1446 1447 1514 peccati
1467 1445 1594 1500 habendo
1613 1446 1757 1500 desideria
1771 1449 1889 1516 peccati.
1921 1446 2022 1501 Bernh.
2036 1461 2073 1502 Ν.
2086 1459 2131 1503 ιιι.

332 1526 430 1581 mortis
456 1534 484 1582 et
509 1528 707 1600 damnationis3
733 1548 789 1586 nou
810 1532 883 1587 enim
903 1536 996 1603 potest
1018 1548 1074 1584 non
1089 1530 1167 1585 Deus
1192 1545 1271 1583 serm.
1296 1537 1320 1585 4.
1342 1530 1426 1585 nativ.
1454 1531 1506 1585 col.
1525 1537 1572 1587 4³:
1601 1533 1638 1585 In
1662 1532 1726 1602 ipsa
1751 1534 1859 1602 oripine
1882 1541 1908 1586 et
1926 1535 2023 1586 radice

331 1611 415 1666 nasci
441 1614 572 1683 peccatis.
608 1618 702 1686 Atque
720 1617 773 1672 hoc
788 1618 848 1688 jem
872 1623 915 1672 est
936 1616 1063 1681 tertium,
1091 1616 1165 1687 quod
1192 1632 1253 1668 mea
1271 1616 1393 1678 insectus
1417 1624 1443 1670 et
1463 1619 1624 1687 inquinatus
1642 1635 1715 1685 stem,
1740 1620 1883 1672 immunda
1900 1627 1942 1672 est
1961 1638 2023 1672 con-

332 1697 369 1751 sd
388 1699 418 1752 ιὸ
438 1699 510 1753 εἶναι
527 1702 636 1772 peccati
656 1701 798 1774 originalis
815 1703 1022 1774 exprimendum
1039 1703 1166 1774 pertinet,
1192 1701 1289 1769 ceptio.
1324 1701 1452 1757 Ambros.
1472 1702 1532 1758 loco
1549 1703 1638 1758 dicto:
1656 1704 1723 1758 inde
1744 1707 1788 1772 (ex
1807 1703 1890 1776 primi
1905 1703 2023 1760 hominis

332 1783 463 1840 videlicet
480 1793 587 1841 reatus:
616 1788 683 1841 inde
702 1806 795 1842 omnes
814 1790 984 1857 moriantur,
1013 1790 1097 1843 etiam
1113 1788 1167 1856 uti,
1191 1787 1437 1856 praevaricatione)
1464 1790 1609 1859 multiplex
1639 1792 1767 1859 corporis
1794 1791 1934 1860 animique
1963 1811 2022 1846 cor-

299 1943 301 1945 ,
333 1869 383 1937 oui
398 1888 456 1924 non
469 1882 654 1940 peccauerunt
671 1874 701 1927 in
718 1874 929 1929 similitudinem
942 1875 1167 1945 praeuaricatio—
1191 1875 1293 1943 mpetu,
1313 1877 1378 1930 inde
1396 1877 1559 1945 ipnorantia
1577 1885 1602 1930 ιι
1615 1877 1783 1946 difficultas,
1802 1895 1886 1931 curae
1904 1879 2024 1948 inutiles,

333 1956 377 2008 nis
394 1957 497 2026 Adae,
517 1956 595 2013 Rom.
615 1966 638 2027 5,
658 1977 682 2013 v.
704 1967 751 2030 143
780 1962 848 2030 maa
859 1978 914 2030 per
929 1980 1013 2015 unum
1031 1962 1167 2014 hominem
1191 1960 1312 2014 illicitae
1328 1962 1495 2033 cupiditates
1502 2002 1510 2029 ,
1537 1963 1672 2030 sacritepi
1690 1979 1809 2031 amores,
1830 1965 1913 2018 timor
1929 1983 2025 2033 vanus,

329 2051 479 2110 peecatum
495 2045 525 2098 in
542 2046 614 2098 hunc
626 2048 758 2100 mundum
776 2047 898 2115 intrarit,
916 2056 942 2102 et
953 2066 1009 2117 por
1022 2057 1166 2117 peccatum
1192 2064 1273 2100 amor
1291 2044 1403 2116 maists,
1432 2049 1539 2117 injrata
1555 2049 1680 2116 pendia,
1705 2050 1874 2119 poenitenda
1895 2052 2023 2108 consilia.

333 2147 409 2183 nore
433 2147 460 2184 v.
486 2137 524 2186 12.
559 2131 663 2187 Beatus
687 2137 730 2189 cst
752 2150 802 2188 sus
825 2141 925 2190 natura
941 2135 1081 2210 ιιιόμενόν
1098 2158 1122 2189 ιι
1139 2142 1168 2191 ιι
1192 2133 1315 2190 Anselm.
1333 2133 1393 2189 loco
1411 2132 1500 2189 dicto:
1519 2136 1654 2187 remansit
1670 2135 1701 2187 in
1718 2144 1821 2188 nestero
1842 2138 1963 2190 debitum
1975 2140 2024 2206 ju-

334 2214 369 2268 ad
387 2223 545 2289 utrumque,
563 2219 692 2274 videlicet
709 2225 769 2274 tum
788 2225 918 2294 στέρησιν
938 2231 1101 2278 concreatae
1121 2225 1166 2293 ju·
1192 2221 1293 2289 stitiae,
1312 2237 1396 2290 psam
1408 2220 1523 2289 aceepit,
1544 2227 1571 2272 ιι
1590 2221 1711 2273 debitum
1721 2223 1929 2290 satisfaciendi,
1949 2227 2025 2292 quod

334 2302 435 2371 stitiae,
453 2311 512 2358 tum
531 2310 613 2358 θέσιν
630 2305 803 2361 introductae
820 2309 1000 2380 corruptionis
1011 2315 1166 2379 respectum
1192 2324 1252 2361 eam
1271 2308 1407 2375 deceruit,
1432 2326 1494 2362 cum
1510 2308 1576 2377 ipsa
1593 2310 1783 2377 correptione,
1808 2327 1891 2378 quam
1904 2319 2024 2379 prepter

333 2387 434 2459 habet,
467 2390 577 2447 interim
597 2393 713 2448 docendi
731 2395 822 2465 potia
839 2395 875 2449 ad
892 2402 984 2466 partes
996 2395 1079 2465 hujus
1093 2395 1167 2463 mali,
1190 2403 1336 2464 peccatum
1359 2395 1487 2451 incurrit.
1532 2394 1575 2449 De
1602 2401 1681 2448 reatu
1705 2393 1748 2448 his
1777 2401 1893 2449 utuntur
1917 2395 2024 2450 verbis:

334 2475 409 2546 quod
446 2478 508 2548 ejus
542 2479 653 2550 proprie
685 2497 856 2552 consequeus
891 2489 947 2549 ost,
985 2480 1089 2537 referre
1121 2499 1167 2537 vo·
1193 2478 1290 2534 Ambr.
1308 2480 1337 2534 iu
1355 2497 1379 2535 c.
1402 2488 1440 2536 15.
1450 2480 1555 2536 Lucae:
1576 2481 1669 2533 Periit
1688 2481 1793 2550 Adam,
1811 2490 1837 2535 et
1852 2482 1883 2534 in
1900 2498 1933 2536 eo
1946 2483 2024 2551 peri

333 2561 445 2617 luimus.
1193 2585 1254 2620 mus
1272 2583 1373 2621 omnes.
1392 2566 1440 2620 lib.
1456 2573 1494 2622 10.
1510 2566 1590 2635 epist.
1605 2572 1648 2625 10:
1667 2566 1856 2632 Manifestum
1867 2576 1916 2638 eet,
1935 2586 2027 2623 omnes

368 2656 410 2706 80.
446 2650 541 2722 Atque
565 2651 605 2707 ita
623 2648 771 2723 probatum
789 2654 927 2724 dedimus,
950 2660 1095 2725 peccatum
1115 2654 1167 2708 ori·
1194 2653 1223 2705 in
1241 2653 1354 2705 Adumo
1374 2652 1503 2706 obnocios
1521 2667 1580 2705 esse
1598 2651 1776 2705 damnationi
1791 2655 1945 2718 nascendo,
1971 2654 2027 2706 nisi

335 2735 429 2808 prule
447 2737 594 2807 complecti
611 2737 680 2793 haec
699 2740 765 2794 tria:
779 2740 905 2810 justitiae
922 2740 1065 2813 originalis
1078 2741 1168 2794 inesse
1194 2737 1226 2790 in
1251 2736 1364 2792 Οιιίιιο
1386 2738 1502 2791 liberati
1522 2739 1632 2803 fuerint
1651 2740 1832 2797 renascendo.
1872 2739 1974 2794 Bernh.
1997 2740 2028 2794 in

337 2821 447 2876 debitae
474 2825 637 2893 ementium,
664 2833 786 2881 secutam
808 2835 924 2889 naturae
943 2834 1092 2882 exuemum
1110 2844 1168 2882 cor·
1195 2824 1288 2881 mcdit.
1309 2841 1332 2878 ι.
1353 2829 1376 2879 2.
1398 2823 1449 2878 col.
1471 2830 1536 2879 1190
1544 2842 1557 2876 :·
1579 2825 1737 2877 Secundum
1762 2825 1924 2881 amedaeo
1941 2827 2027 2880 tomi·

334 2908 493 2979 ruptionem
518 2926 567 2964 seu
590 2927 705 2982 pravam
726 2913 977 2983 concupiscentiam
1000 2919 1028 2968 ιι
1051 2926 1167 2981 reatum,
1195 2929 1256 2964 nem
1274 2911 1488 2980 deperentibra
1505 2909 1672 2979 illucente,
1692 2912 1821 2980 qui-ante
1839 2914 2028 2981 mesecerant

335 2993 375 3048 ita
385 3001 418 3049 ut
429 3003 543 3066 propter
553 2995 605 3051 hoc
619 2998 648 3052 in
660 3015 710 3053 nos
722 3005 904 3072 propagatum
918 3000 1020 3053 malum
1032 2998 1117 3054 simus
1129 3000 1169 3056 rei
1196 2999 1367 3065 dannatum,
1386 3014 1470 3066 auam
1486 3004 1591 3050 natum.

335 3081 393 3136 irae
410 3087 440 3136 ιι
448 3082 550 3153 judicii
562 3084 656 3139 divini.
685 3084 771 3157 Hugo
789 3086 829 3141 sic
840 3086 932 3142 effert:
953 3087 1086 3140 Maium
1097 3088 1171 3141 tuuc
1230 3089 1271 3142 83.
1307 3082 1388 3139 Circa
1409 3080 1440 3136 τὸ
1459 3081 1530 3137 εῖναι
1548 3082 1655 3153 pcccati
1673 3074 1815 3154 originsl'is
1836 3085 2027 3156 explicandum
2040 3107 2144 3149 Anum..

335 3169 485 3237 complecti
505 3170 694 3237 iynorantiam
717 3173 795 3240 boni,
819 3173 1068 3241 concupiscentiam
1091 3173 1170 3242 mali,
1196 3187 1213 3224 a
1229 3166 1355 3226 veritatis
1372 3168 1495 3238 tramite,
1519 3175 1579 3222 tum
1596 3167 1626 3222 in
1644 3168 1770 3238 defectu,
1792 3177 1851 3224 tum
1869 3171 1898 3225 iu
1914 3188 2028 3226 excessu
2040 3161 2167 3210 ’ΨΜ

336 3262 362 3307 d
377 3255 550 3324 mpplict’vm
568 3258 604 3310 de
620 3266 743 3326 utroque.
1196 3256 1309 3329 qnidam
1326 3255 1439 3310 abeunt
1465 3254 1513 3309 Ad
1529 3253 1649 3325 priorem
1661 3254 1777 3310 classem
1795 3257 1932 3326 pertinent
1944 3257 2027 3313 85110-
2040 3213 2141 3303 iiiiii-

2019 3345 2025 3357 .
2040 3319 2077 3355 ctu
2090 3315 2128 3355 vol

269 3353 325 3436 τι.
371 3347 413 3397 81.
450 3341 646 3400 Observobunt
670 3344 797 3399 industrii
816 3344 975 3416 Scripturas
990 3344 1169 3415 interpretes,
1195 3342 1286 3397 lestici
1311 3348 1340 3398 et
1356 3340 1508 3409 Pontificii,
1536 3341 1584 3412 qui
1608 3341 1689 3396 nimis
1715 3342 1835 3398 tenuiter
1859 3344 1895 3400 de
1920 3352 2026 3415 peccati
2040 3377 2135 3408 exesus
2206 3354 2209 3367 ·

270 3448 284 3487 ιι
337 3428 412 3500 quod
430 3427 574 3499 scripturi
597 3431 764 3501 quandoque
789 3430 818 3485 in
839 3448 941 3502 genero
964 3431 1001 3485 ds*
1022 3430 1076 3485 hoc
1098 3430 1170 3485 mulo
1196 3428 1338 3501 originalis
1356 3428 1500 3483 atrocitate
1518 3428 1653 3496 sentiunt;
1673 3428 1710 3481 ad
1723 3430 1901 3498 posteriorem
1912 3431 2027 3485 classem
2040 3421 2152 3460 mmm*

269 3500 310 3591 ξ·
335 3514 477 3586 loquatur,
494 3516 624 3570 umnam
642 3517 754 3587 quando
765 3517 845 3587 ponit
859 3517 1005 3598 refluum·
1019 3523 1048 3572 c
1063 3516 1171 3588 paean
1195 3513 1505 3587 percucurrissent·
1525 3521 1553 3569 a
1569 3514 1656 3568 nosci
1673 3515 1803 3584 temporis
1821 3515 1958 3585 unciani,
1979 3518 2027 3588 qui

269 3613 287 3680 Ρ
336 3601 449 3656 nomine
467 3602 617 3658 wantiam
633 3602 760 3673 justitiae
778 3603 936 3675 originalis,
957 3599 1085 3659 vitiosam
1103 3620 1170 3675 qua·
1197 3599 1399 3655 ιιύιοσύσιιιιὸν
1415 3620 1441 3653 ιι
1461 3599 1530 3653 illud
1548 3616 1608 3654 esse
1625 3606 1751 3655 statuunt
1769 3617 1803 3656 ac
1820 3618 1883 3655 cum
1905 3602 1967 3673 ipsa
1979 3619 2026 3658 ua-

269 3719 281 3748 t.
335 3687 446 3743 litatem
464 3693 494 3742 ιι
513 3696 620 3744 rectum
632 3689 760 3759 deuotat3
779 3690 946 3761 quandoque
958 3707 1022 3745 vero
1036 3690 1065 3745 iu
1078 3690 1170 3760 specie
1196 3694 1275 3743 turae
1293 3687 1449 3742 substantia
1464 3684 1646 3744 confundunt

335 3790 371 3828 sc
395 3772 529 3830 dutincte
554 3774 589 3830 de
614 3775 730 3847 siugulis
756 3774 924 3831 definitionis
948 3774 1074 3846 partibus
1101 3774 1169 3846 agit.
1232 3780 1272 3830 84.
1309 3772 1470 3829 Scholastici
1493 3772 1569 3828 varie
1593 3772 1628 3829 ds
1651 3779 1768 3843 peccato
1787 3772 1915 3846 originali
1934 3774 2028 3845 dispu-
2041 3788 2136 3829 senou-

335 3858 384 3915 sic
408 3859 446 3914 de
470 3860 592 3915 ιιιιιιιίι
612 3861 740 3931 justitiae
763 3861 905 3933 originalis
927 3861 1078 3932 loquuntur
1102 3860 1171 3916 haec
1197 3864 1271 3929 tunt;
1289 3859 1457 3930 pleriquoeo
1470 3858 1583 3927 abeunt,
1603 3863 1778 3926 utstetuunt,
1797 3862 2029 3931 quodpeccatum
2041 3840 2102 3882 '⁰⁶¹'

335 3946 421 4002 dicta
445 3945 525 4001 Rom.
543 3954 576 4017 3,
593 3965 620 4004 r.
640 3954 686 4004 23:
715 3951 815 4004 Omnes
829 3957 1014 4019 peccauerunt
1033 3957 1059 4002 et
1076 3954 1172 4002 carent
1197 3946 1317 4017 oripinio
1336 3946 1375 4000 eit
1399 3946 1525 3999 careretis
1543 3947 1612 3999 doni
1630 3947 1779 4015 cujusdam
1795 3950 2029 4018 supernaturalis,

334 4033 434 4103 picria
459 4034 519 4088 Dei
545 4038 640 4106 (quam
665 4052 757 4091 corum
788 4035 850 4091 Deo
879 4035 982 4092 habere
1011 4033 1171 4103 debebant.)
1198 4032 1518 4103 rpsainterimttominir
1534 4040 1638 4086 natura
1654 4032 1763 4101 intepra
1776 4043 1962 4102 permanente.
1988 4034 2032 4088 De

334 4121 417 4176 Rom.
437 4126 505 4188 ¹1,v.
525 4126 569 4176 18:
589 4124 730 4187 Perficere
747 4123 846 4176 bonum
863 4141 917 4175 non
935 4122 1051 4176 invenio.
1077 4120 1122 4175 De
1132 4120 1172 4174 vi·
1197 4117 1421 4190 concupiscentis
1449 4117 1561 4188 dicunt,
1587 4120 1665 4189 quod
1682 4120 1719 4172 sit
1741 4126 1849 4172 mutam
1864 4122 1955 4185 fomes
1972 4121 2031 4190 qui-

335 4208 410 4261 tiosa
428 4208 565 4278 qualitate
582 4214 677 4281 agunt
689 4206 764 4264 haec'
778 4208 949 4264 testimonia:
969 4206 1040 4263 Gen.
1059 4212 1083 4276 6,
1101 4225 1126 4260 r.
1141 4213 1171 4261 5:
1198 4207 1264 4262 dam
1281 4222 1331 4259 seu
1341 4204 1462 4272 lanpsor
1473 4212 1602 4273 naturae,
1625 4205 1676 4274 qui
1687 4222 1742 4258 nan
1754 4206 1812 4258 nisi
1822 4208 1970 4259 accedente
1983 4208 2031 4258 de-

336 4295 427 4350 Omne
439 4296 600 4363 fipmentum
616 4294 815 4362 copitationum
833 4296 928 4350 cordis
941 4302 1049 4348 tontum
1060 4293 1173 4347 natum
1197 4310 1272 4348 mum
1297 4307 1433 4345 consensu
1450 4293 1565 4360 peccati
1580 4306 1678 4345 nomen
1695 4297 1841 4359 ιιιιιιιιιιτ,
1860 4299 1942 4360 atque
1959 4292 2031 4344 iano

335 4380 418 4437 Rom.
439 4387 454 4436 7
465 4420 473 4449 ,
496 4387 578 4436 v.-7:
598 4383 850 4451 conwptccentiam
878 4382 1041 4435 amendam.
1077 4399 1103 4434 v.
1122 4384 1171 4436 ut:
1194 4378 1307 4448 peccati
1310 4377 1443 4444 fomitem
1459 4378 1490 4430 in
1507 4376 1635 4446 appetitu
1651 4375 1779 4428 amitino
1798 4383 1905 4430 tantum
1917 4379 2032 4430 haerere

340 4469 434 4523 Video
458 4466 549 4521 dam
572 4468 660 4537 lepem
684 4469 716 4522 in
739 4469 868 4522 membris
886 4469 954 4522 meis
973 4474 1174 4536 repugnantem
1199 4466 1338 4535 dictitard,
1356 4464 1518 4533 superiores
1536 4471 1628 4515 aamm
1646 4463 1759 4515 animae
1773 4464 1928 4528 facultates
1946 4466 1982 4518 ab
2000 4481 2032 4518 eo

336 4555 396 4623 lepi
417 4553 519 4608 ιιιιιιιίι
542 4570 619 4607 meae
644 4559 695 4610 ιιι.
738 4554 783 4611 De
805 4560 884 4610 reatu
904 4554 944 4610 sic
963 4554 1085 4626 loquitur
1104 4551 1175 4607 Scri·
1199 4552 1334 4605 immunes
1356 4568 1432 4617 este,·
1457 4548 1570 4620 quidum
1589 4565 1623 4602 ex
1646 4548 1714 4620 ipsis
1734 4554 1875 4616 statuunt,
1904 4553 2032 4620 concupi-

335 4647 435 4712 ptura:
459 4638 540 4695 Rom.
560 4646 591 4709 5,
607 4657 633 4694 r.
654 4646 701 4696 12:
722 4641 751 4694 in
769 4658 863 4696 omnes
880 4640 1004 4693 homines
1020 4657 1094 4693 mors
1109 4656 1174 4708 per·
1200 4639 1333 4717 scentiam
1351 4654 1409 4690 esse
1428 4644 1535 4688 tantum
1554 4635 1756 4705 poenalitatem
1772 4654 1820 4690 seu
1837 4645 1944 4691 reatum
1961 4656 2032 4690 mor-

334 4726 468 4796 aaut,
493 4727 523 4779 in
548 4743 602 4795 quo
622 4743 715 4780 omnes
733 4734 928 4795 peccauerunt.
963 4723 1036 4796 Eph.
1056 4730 1080 4789 2,
1100 4742 1127 4777 v.
1146 4731 1175 4781 3:
1200 4727 1237 4776 tis
1254 4724 1449 4790 redinendae,
1475 4738 1650 4791 nequapsam
1669 4730 1761 4775 aedem
1780 4724 1969 4776 damnationis
1987 4740 2032 4776 ae-

335 4820 444 4867 natura
460 4830 557 4865 umus
571 4812 632 4881 filii
647 4813 717 4867 irae.
745 4812 807 4869 Joh.
827 4815 851 4876 8,
869 4830 895 4866 v.
914 4817 960 4867 33:
979 4813 1030 4880 qui
1046 4830 1102 4865 non
1118 4827 1175 4864 cre·
1200 4817 1314 4874 temae5
1340 4807 1407 4862 inde
1429 4806 1576 4861 concilium
1599 4807 1793 4862 Tridentinum
1816 4808 1917 4863 decret
1939 4816 1960 4865 1.
1980 4825 2031 4862 scs.

337 4899 385 4953 aa
401 4899 433 4951 in
448 4898 568 4966 fliium,
585 4898 632 4950 ira
650 4898 731 4951 DEI
745 4907 838 4952 manet
854 4916 938 4968 saper
958 4915 1026 4951 eum.
1201 4901 1224 4949 5.
1243 4893 1339 4950 definit
1354 4902 1500 4964 peccatum
1519 4894 1637 4962 oripinis
1656 4910 1713 4948 esse
1730 4911 1793 4947 rere
1807 4902 1955 4962 peccatum
1972 4896 2033 4947 rini-

269 4998 325 5050 tpu
376 4989 418 5041 82
446 4983 554 5039 Eodem
570 4983 653 5038 modo
670 4990 776 5040 veteres
794 4984 927 5040 ecclesiae
946 4984 1072 5039 doctores
1089 5000 1175 5054 quun·
1200 4981 1298 5050 cuique
1316 4980 1481 5051 proprium,
1505 4980 1586 5034 iliius
1611 4988 1702 5033 tamen
1720 4980 1871 5049 propriam
1894 4981 2034 5033 rationem

269 5060 311 5093 '⁸’
339 5071 433 5141 daque
450 5070 481 5125 in
495 5066 599 5142 genere
617 5070 653 5125 de
671 5070 724 5126 hoc
742 5070 815 5125 malo
834 5070 1044 5139 concionentur,
1064 5069 1175 5141 quando
1200 5068 1312 5121 citatio
1338 5067 1466 5134 invoivit,
1492 5065 1567 5136 quod
1587 5065 1747 5119 Andradius
1765 5071 1931 5121 secretorum
1949 5066 2032 5136 hujus

339 5158 372 5212 id
384 5162 485 5212 vocant
495 5155 596 5227 labem,
609 5155 776 5228 contagium,
790 5156 1034 5229 inquinamentum,
1042 5155 1175 5211 malitiam
1201 5153 1311 5209 concilii
1319 5154 1444 5208 conscius
1456 5152 1505 5209 lib.
1516 5157 1540 5208 8.
1554 5151 1660 5205 desem.
1674 5150 1719 5206 fid.
1730 5150 1806 5204 Trid.
1820 5151 1860 5206 ita
1870 5152 2033 5225 interpreta-

338 5251 404 5314 etc.²
419 5242 590 5316 quandoque
607 5261 672 5299 vero
688 5243 818 5299 distincte
833 5245 868 5300 de
885 5243 1003 5315 siugulis
1018 5243 1100 5313 hujus
1109 5241 1176 5296 muli
1200 5248 1261 5297 tur:
1280 5241 1404 5295 comutto
1420 5241 1454 5293 id
1463 5241 1573 5305 factum
1586 5254 1658 5302 esse,
1677 5254 1712 5291 ac
1725 5237 1879 5292 libertatem
1894 5241 2034 5309 opinandi

339 5329 470 5402 partibus
488 5328 655 5401 loquuntur3
676 5329 716 5384 sic
734 5330 770 5384 de
784 5330 907 5386 omentis
924 5336 1086 5385 concreatae
1097 5329 1176 5384 recti·
1200 5328 1349 5396 unicuiqae
1368 5328 1412 5380 tic
1429 5326 1565 5380 relictam.

339 5416 465 5487 midinis,
493 5415 622 5472 Ambrae.
647 5416 692 5472 rel
713 5416 804 5487 potius
828 5416 957 5487 Prosper.
981 5423 1005 5472 2.
1030 5416 1065 5470 de
1088 5420 1176 5469 vocet
1236 5417 1279 5471 85.
1295 5487 1297 5492 ¹
1314 5412 1401 5467 Nobis
1422 5429 1484 5466 cum
1501 5408 1670 5466 Bellurmino
1689 5426 1732 5465 res
1751 5410 1818 5480 erit,
1844 5410 1936 5468 islib.
1955 5419 1978 5469 5.
1998 5411 2033 5468 de
2046 5429 2154 5471 serrum.

340 5509 420 5575 gent
446 5520 470 5557 c
493 5508 521 5558 3:
552 5503 652 5557 Omnes
671 5503 794 5559 homines
818 5505 849 5555 in
868 5503 963 5571 primo
986 5501 1094 5555 homine
1117 5502 1178 5553 sine
1202 5499 1295 5555 omiss.
1318 5504 1389 5570 grat.
1415 5504 1443 5552 et
1468 5504 1531 5553 stat.
1550 5512 1626 5566 pecc.
1652 5512 1713 5565 cap.
1734 5504 1758 5554 ι.
1784 5504 1882 5552 contra
1899 5497 2032 5553 Hoffmei-

337 5589 410 5644 ιιιίιὶι
426 5588 539 5643 conditi
554 5607 657 5658 sumta,
677 5598 704 5643 ιι
720 5605 814 5644 omncs
834 5596 952 5641 naturae
974 5596 1085 5641 nostrae
1103 5586 1177 5639 inco·
1202 5595 1319 5652 storum,
1344 5584 1519 5654 Alphonsum
1544 5591 1572 5636 et
1596 5582 1665 5636 alios
1688 5583 1837 5654 scriptores
1863 5583 2032 5653 Pontificios,

338 5675 500 5731 amitam
525 5675 650 5744 ejusdem
678 5676 796 5729 hominis
816 5674 1062 5743 praeuaricatione
1078 5673 1176 5740 perdi-
1203 5674 1251 5745 qui
1269 5670 1369 5728 nosmis
1388 5670 1508 5725 ecclesiis
1526 5667 1651 5722 veritatis
1668 5670 1855 5726 testimonium
1872 5670 1902 5724 in
1918 5670 1970 5724 hoc
1989 5687 2032 5724 sr-

338 5763 438 5817 dimur
453 5768 508 5819 etc.
523 5763 585 5832 fide
598 5763 724 5833 perdita,
743 5778 792 5830 spe
809 5760 919 5824 relicta,
936 5758 1120 5827 intettiymtia
1132 5758 1177 5810 ab·
1202 5761 1287 5815 ticulo
1313 5758 1459 5824 dederant,
1485 5753 1596 5823 statuit,
1625 5757 1681 5809 dito
1706 5756 1829 5811 inveniri
1851 5758 1881 5810 in
1904 5757 2034 5810 doctrinm

336 5857 467 5919 metata,
485 5849 627 5904 υοιιιιιιιιιι
640 5848 764 5919 captim,
783 5847 955 5915 nunciate,
973 5847 1049 5900 undo
1064 5860 1176 5915 repare-
1202 5854 1318 5914 nostro,
1351 5860 1422 5913 quae
1448 5842 1609 5911 wnosseimo
1635 5842 1739 5896 dictent
1764 5861 1784 5897 a
1812 5860 1884 5897 tarsa
1909 5860 1944 5896 ac
1967 5858 2035 5895 uera

394 5942 564 5988 munuae
587 5942 616 5986 Π.
694 5936 701 5950 ⁸
1678 5950 1708 6002 11
