5017 6675
918 468 942 513 o

454 563 512 624 168
1159 554 1283 613 DOCUS
1300 554 1428 615 NONUS

448 696 490 781 id,
508 709 583 785 quod
600 708 716 783 ἄνομον,
734 710 771 766 111
787 717 939 783 peccatum,
959 713 1033 784 quod
1051 729 1117 785 ergo
1130 712 1221 784 ipsum
1233 728 1280 767 cor
1308 711 1371 767 nale
1388 728 1443 767 non
1459 717 1501 767 est
1513 716 1621 767 tantum
1632 711 1759 768 morbida
1769 713 1865 785 aliqua
1875 714 1996 784 corporis
2009 713 2139 785 qualitas.

452 797 770 856 ettotusbomodicitur
786 806 938 869 peceatum,
959 800 988 853 id
1005 785 1044 854 sic
1061 799 1280 870 intelligendum,
1308 797 1456 869 Originalis
1483 799 1593 871 justitia
1622 800 1855 871 complectebatur
1888 801 2076 872 integritatem
2112 808 2142 856 et
2252 805 2253 808 ’

451 885 528 959 quod
546 900 641 958 omues
658 883 775 938 hominis
792 883 876 954 vires,
900 901 994 941 omncs
1011 886 1119 940 animae
1135 884 1280 940 facultates
1307 882 1525 941 conformitatem
1543 885 1641 940 virium
1659 885 1776 940 hominis
1793 904 1856 941 cum
1876 893 1993 957 utaque
2012 887 2141 959 decalogi

452 972 507 1026 sint
523 977 639 1041 peccato
657 976 809 1041 corruptae,
826 979 919 1025 manet
936 971 1046 1027 interim
1064 979 1227 1042 perpetuum
1239 969 1280 1024 di·
1307 967 1416 1037 tabula,
1439 988 1490 1025 nec
1512 971 1566 1025 sita
1583 977 1690 1026 tautum
1711 970 1766 1026 fuit
1782 972 1810 1026 in
1827 973 2006 1028 exterioribus
2024 974 2140 1028 aedoni-

451 1057 569 1111 scrimen
595 1056 667 1111 inter
688 1055 834 1111 facultates
851 1056 927 1126 ipsas
953 1063 980 1113 et
996 1058 1068 1113 inter
1085 1057 1280 1111 adhaerentem
1307 1054 1359 1108 bus
1377 1056 1420 1110 vel
1432 1056 1606 1112 inferioribus
1625 1058 1739 1126 viribus,
1758 1059 1808 1112 sed
1827 1056 1900 1113 illius
1919 1060 1997 1115 sedes
2015 1060 2142 1116 fuittota

450 1143 671 1213 corruptionem,
707 1142 778 1196 iuter
814 1150 942 1198 naturam
974 1153 1003 1199 et
1037 1151 1151 1199 naturae
1174 1143 1278 1198 vitium.
1306 1140 1423 1195 hominis
1435 1142 1528 1198 anima
1541 1159 1604 1198 cum
1617 1144 2046 1216 omnibusviribusetpoteutiis.
2063 1147 2141 1218 Ergo

451 1234 476 1283 4.
494 1229 635 1298 Quicquid
651 1246 670 1281 a
686 1244 717 1281 re
736 1231 870 1299 separari
885 1231 986 1299 mosaic,
1006 1239 1046 1284 111
1062 1233 1097 1284 de
1115 1232 1175 1299 ejus
1193 1246 1280 1283 essem
1307 1229 1389 1282 1111111
1402 1237 1546 1298 peccatum
1558 1230 1694 1302 originale
1704 1248 1760 1285 non
1775 1238 1817 1288 cst
1830 1236 1938 1286 tantum
1952 1232 2143 1289 inobedientia

451 1316 501 1370 tia.
536 1317 686 1369 Peccatum
707 1313 825 1384 ariciam
847 1319 981 1385 separari
995 1319 1090 1386 nequit
1109 1319 1144 1370 ab
1162 1317 1281 1370 bominis
1306 1315 1445 1384 appetitus
1469 1315 1608 1384 sensitivi,
1633 1334 1684 1371 nec
1708 1317 1788 1373 sedes
1809 1319 1870 1388 ejus
1894 1324 2002 1374 tautum
2025 1320 2055 1373 in
2072 1320 2142 1377 infe·

400 1394 409 1411 ‘
450 1400 614 1456 substantia.
650 1403 731 1469 Erpa
753 1410 793 1455 est
817 1405 852 1456 ds
873 1405 934 1472 ejus
957 1405 1084 1458 essentia.
1122 1402 1281 1474 Responde·
1306 1400 1424 1455 rioribus
1448 1401 1555 1457 animae
1580 1402 1699 1471 viribus,
1726 1403 1776 1458 sed
1798 1403 1948 1473 spiritualis
1973 1404 2043 1460 haec
2062 1406 2144 1477 lepra

452 1505 524 1543 mus:
552 1497 669 1558 utraque
694 1487 845 1558 propositio
868 1488 945 1543 falsa
985 1490 1094 1545 Dantur
1116 1489 1188 1543 enim
1211 1487 1282 1543 acci-
1307 1492 1396 1541 totum
1413 1487 1535 1556 pervasit
1552 1487 1705 1557 hominem,
1724 1497 1754 1542 ut
1770 1489 1843 1542 nibil
1860 1491 1926 1542 sani
1940 1491 1977 1543 sit
1993 1492 2023 1544 in
2040 1493 2104 1561 ipsso
2122 1511 2144 1546 a

453 1573 547 1629 dantia
564 1573 701 1641 quaedum
717 1573 920 1645 inseparabilia
939 1581 967 1630 et
983 1593 1117 1631 venenum
1133 1573 1283 1646 peccatiiu
1308 1565 1412 1629 maimo
1431 1573 1532 1626 vertice
1550 1574 1591 1626 ad
1608 1573 1693 1627 imum
1710 1592 1796 1643 sasque
1814 1576 1925 1629 calcem.
1953 1576 2016 1631 Esa
2037 1583 2060 1645 1,
2078 1595 2102 1632 v.
2117 1583 2145 1635 6.

452 1660 653 1716 resurrectione
680 1678 695 1716 e
719 1678 802 1716 carue
828 1667 990 1733 extergatur.
1027 1669 1052 1719 5.
1077 1664 1114 1716 In
1135 1678 1282 1732 ream·
1309 1665 1333 1714 4.
1352 1656 1430 1714 Idam
1453 1659 1575 1713 ostendit
1593 1659 1710 1714 hominis
1729 1661 1884 1716 renovatio:
1911 1660 1981 1716 Cum
2003 1662 2076 1717 enim
2095 1680 2144 1718 ne·

452 1748 525 1802 tione
543 1747 656 1801 tollitur
677 1764 726 1800 eor
743 1748 900 1818 lapideum,
928 1758 953 1803 et
971 1752 1057 1803 datur
1075 1768 1124 1803 cor
1142 1764 1282 1802 camum
1304 1728 1384 1809 besse
1404 1745 1448 1808 sit,
1466 1745 1590 1800 homines
1607 1763 1658 1816 per
1675 1745 1809 1816 Spiritum
1825 1753 1950 1801 sanctum
1967 1748 1996 1802 in
2009 1749 2146 1804 animast

453 1836 532 1902 Erpa
560 1833 707 1887 imerccdit
737 1835 929 1889 substantialia
956 1836 1081 1889 mutatio.
1123 1834 1283 1905 Responde
1309 1847 1422 1902 corpore
1434 1831 1569 1899 renovari,
1587 1831 1682 1902 utique
1693 1833 1776 1887 etiam
1789 1841 1903 1903 peccato
1920 1833 2035 1905 originis
2049 1836 2145 1889 anima

454 1938 527 1975 mus:
559 1918 661 1974 dicitur
686 1935 733 1974 cor
759 1919 901 1991 lapideum
926 1927 1040 1992 propter
1067 1921 1283 1990 similitudinem,
1310 1923 1339 1972 et
1354 1934 1453 1988 corpus
1468 1917 1618 1986 depravata
1633 1917 1755 1976 fuerunt
1779 1920 1962 1973 Renouautur
1979 1922 2026 1989 pii
2039 1921 2145 1989 spiriu

454 2023 524 2078 quae
551 2012 594 2061 eet
617 2005 689 2060 inter
710 2007 801 2062 cordis
823 2008 1025 2063 contumaciam
1043 2025 1076 2063 ac
1093 2007 1193 2079 lapidis
1211 2007 1284 2062 duri-
1309 2003 1409 2056 mentm
1433 2020 1501 2056 suae
1527 2003 1628 2073 Ephes.
1652 2009 1782 2072 4,1.13.
1807 2007 2001 2070 reformamur
2019 2007 2145 2060 noviaco

454 2094 534 2161 tiens,
562 2101 590 2148 et
612 2111 660 2148 cor
682 2111 810 2149 carneum
834 2103 949 2165 propter
967 2094 1185 2159 similitudinem,
1212 2110 1285 2166 quae
1310 2089 1409 2142 mentio
1427 2106 1496 2142 11411
1516 2088 1595 2145 Rom·
1614 2095 1652 2152 12,
1671 2107 1697 2144 v·
1715 2097 1737 2145 ἵ.
1759 2099 1789 2144 ui
1807 2091 1931 2161 11111111,
1951 2109 2023 2161 11111
2032 2111 2146 2147 turtum

455 2187 498 2236 est
522 2180 594 2234 inter
619 2179 710 2234 cordis
737 2179 938 2236 flexibilitatem
962 2196 995 2235 ac
1021 2180 1112 2234 earnis
1136 2180 1286 2244 mollitiem,
1311 2174 1374 2229 111111
1392 2173 1495 2229 Coloss.
1513 2180 1542 2240 3,
1567 2193 1593 2230 v,
1612 2181 1633 2230 2.
1655 2177 1721 2244 quin
1740 2178 1796 2230 imo
1815 2179 1951 2231 mundant
1967 2194 1995 2231 sc
2014 2179 2050 2232 ab
2067 2182 2146 2233 omni

456 2267 558 2321 usitato
582 2265 667 2337 igitur
684 2273 764 2336 tropo
783 2281 831 2322 cor
848 2265 990 2336 lapideum
1006 2264 1079 2336 tolli,
1103 2273 1131 2323 et
1148 2269 1208 2338 ejus
1225 2267 1286 2323 loco
1311 2262 1518 2331 inquinamus
1536 2263 1632 2316 caruis
1651 2271 1678 2316 ct
1695 2265 1825 2332 spiritus,
1850 2266 2024 2334 perficientes
2040 2266 2145 2319 sanca-

457 2371 505 2409 cor
523 2369 652 2407 carneum
671 2352 732 2408 dari
750 2352 866 2421 dicitur,
884 2353 996 2423 quando
1013 2353 1114 2409 duritie
1129 2354 1223 2409 ablata
1239 2370 1287 2409 cor
1306 2348 1466 2416 ficationem
1489 2348 1519 2400 in
1542 2348 1640 2401 timore
1670 2350 1750 2402 DEI
1782 2354 1805 2404 1.
1826 2348 1887 2405 Cor.
1905 2356 1933 2418 1,
1959 2368 1983 2406 1.
2010 2357 2031 2406 1.
2067 2350 2145 2422 Ergo

413 2431 415 2434 ⁵
456 2439 574 2495 bominis
598 2438 679 2493 molle
701 2455 733 2493 ac
755 2438 848 2495 flexile
864 2456 915 2508 per
932 2437 1064 2509 Spiritum
1082 2445 1208 2495 sanctum
1224 2442 1286 2496 red·
1311 2450 1361 2503 per
1377 2440 1504 2488 naturam
1522 2441 1586 2487 sunt
1605 2449 1687 2490 came
1705 2440 1734 2488 et
1752 2434 1851 2505 spiritu
1869 2435 1997 2505 corrupti.

455 2524 538 2581 ditur,
1347 2524 1389 2578 96.
1424 2518 1566 2574 Audiendi
1589 2536 1655 2590 ergo
1680 2537 1735 2574 uon
1761 2528 1826 2576 sunt
1846 2521 1958 2593 quidam
1981 2539 2014 2577 er
2032 2520 2212 2578 Schola-1¹⁰n
2227 2521 2256 2560 ¹⁸·

1312 2605 1401 2674 sticis,
1430 2606 1476 2676 qui
1496 2606 1655 2675 disputant.
1675 2611 1820 2675 peccatum
1838 2607 1951 2678 originis
1970 2608 1999 2662 in
2016 2608 2147 2665 inferiore
2160 2572 2256 2663 iiiiii?

1312 2698 1419 2746 tantum
1439 2691 1548 2747 animae
1572 2691 1706 2747 facultate
1724 2693 1855 2748 sensitiva
1872 2693 2059 2750 collocandam
2076 2714 2146 2765 esse,
2160 2676 2250 2765 iffi?

1312 2777 1465 2848 superiores
1485 2769 1659 2833 autemvires
1677 2778 1776 2833 mentis
1795 2795 1828 2833 ac
1846 2778 1959 2833 rationis
1977 2797 2037 2835 esse
2054 2781 2091 2837 ab
2110 2799 2146 2838 eo
2160 2783 2228 2819 Μ

724 2883 746 2943 0
762 2883 791 2942 Δ
806 2882 831 2943 p
847 2883 876 2943 ῃ
893 2885 918 2943 op
960 2883 1019 2944 Ἦ.
1313 2865 1455 2919 immunes.
1481 2863 1624 2928 Quaerunt
1642 2863 1740 2919 erroris
1753 2863 1936 2934 patrocinium
1950 2865 2145 2925 1111111111.

1312 2950 1361 3005 ubi
1384 2950 1526 3020 apostolus
1548 2950 1617 3004 dicit
1642 2969 1667 3005 v.
1692 2956 1731 3007 18.
1764 2951 1795 3005 in
1816 2968 1901 3005 carne
1924 2969 1976 3004 sua
1993 2971 2049 3006 nan
2065 2954 2146 3008 labi·

493 3023 560 3090 DE
595 3021 856 3091 SUBJEGTO
893 3021 1115 3090 PECOATI
1149 3022 1253 3091 ORI·
1314 3045 1375 3091 tare
1399 3038 1511 3105 bonum,
1537 3041 1669 3092 11113.
1696 3037 2147 3096 mentsmamsmbrisetearne

418 3159 421 3164 -
759 3123 984 3191 GINALIS,
1314 3122 1471 3178 discernens
1501 3122 1582 3191 dicit,
1607 3139 1636 3176 se
1658 3132 1748 3176 mente
1764 3124 1868 3177 servire
1887 3125 1943 3192 lcqs'
1958 3126 2030 3193 Dei,
2059 3143 2146 3179 samse

1071 3278 1075 3287 Ι
1315 3218 1405 3263 auum
1421 3210 1477 3277 lsai
1485 3210 1604 3279 peccati.
1641 3209 1696 3265 Sed
1714 3226 1764 3279 per
1782 3226 1893 3266 samem
1910 3227 1942 3266 eo
1958 3211 2018 3266 loco
2038 3219 2148 3282 sposto-

494 3301 534 3353 95.
575 3295 728 3366 Postquam
754 3300 880 3349 naturam
905 3293 1015 3365 pcccati
1041 3293 1183 3367 originalis
1208 3310 1289 3366 erpo·
1315 3296 1358 3351 lus
1376 3312 1431 3351 non
1453 3295 1793 3367 intelligitcorpussolum
1806 3303 1975 3353 nectentem
1987 3298 2148 3354 sensitivam

459 3389 564 3438 suimus
579 3377 726 3445 hactenus,
742 3397 796 3453 age
814 3380 992 3451 dispiciamus
1011 3380 1044 3436 de
1062 3381 1187 3451 subjecto
1206 3381 1290 3452 hujus
1316 3382 1527 3453 appetitionem,
1554 3383 1603 3437 sed
1620 3387 1708 3437 totum
1725 3383 1863 3438 hominem
1883 3402 1946 3439 cum
1964 3386 2090 3440 omnibus
2106 3386 2147 3441 fs·

459 3469 558 3538 morbi,
576 3484 647 3541 quac
665 3466 920 3523 considerationes
936 3465 1110 3522 mediocriter
1127 3467 1234 3522 confert
1253 3467 1290 3521 ad
1317 3469 1465 3522 cultatibus
1485 3475 1513 3523 et
1529 3468 1648 3539 viribus,
1673 3475 1807 3539 quatenus
1831 3471 1953 3525 nondum
1973 3478 2146 3543 1111131111-

460 3556 625 3628 gravitatem
647 3555 707 3624 ejus
731 3554 959 3625 cognoscendam.
995 3553 1121 3609 Dicimus
1139 3571 1218 3626 ergo,
1243 3554 1290 3608 ho·
1317 3561 1393 3608 ratus
1412 3561 1440 3609 et
1456 3554 1547 3609 adbuc
1564 3554 1616 3610 sub
1632 3560 1768 3611 vetustate
1782 3556 2057 3613 cmuiscoustitutus.
2091 3557 2148 3629 Op·

460 3644 563 3699 minem
582 3659 642 3698 csse
659 3641 815 3710 subjectum
832 3641 938 3711 peccati
958 3639 1108 3714 originalis,
1126 3657 1181 3695 non
1198 3640 1292 3709 aliqua
1317 3640 1396 3711 ponit
1414 3640 1487 3696 euim
1505 3658 1565 3695 eam
1583 3640 1696 3711 Spiritui
1714 3648 1741 3697 et
1754 3643 1938 3713 conqueritur,
1957 3661 1996 3710 se,
2010 3651 2148 3715 quatenus

460 3736 569 3785 tanturn
586 3728 629 3783 sui
645 3734 739 3799 parte,
757 3727 806 3782 sed
824 3734 913 3781 totum
932 3725 1024 3784 anima
1044 3734 1071 3782 et
1088 3743 1213 3797 corpore,
1237 3726 1292 3780 siu·
1318 3728 1441 3783 nondum
1464 3735 1656 3798 regeneratus,
1681 3744 1733 3782 nec
1753 3734 1845 3784 mente
1864 3745 1916 3784 nec
1933 3728 2074 3785 1111111111
2097 3747 2148 3786 ncc

462 3816 535 3889 gulis
555 3814 683 3870 membris
708 3829 742 3868 ac
763 3814 909 3885 potentiis,
937 3811 1011 3884 quod
1035 3811 1227 3868 confirmamus
1249 3811 1293 3865 his
1319 3813 1448 3870 sensitiva
1466 3814 1591 3885 appetitu
1608 3820 1684 3870 recte
1699 3814 1750 3883 uti,
1768 3816 1883 3886 perinde
1900 3822 1931 3871 ut
1947 3815 2072 3871 Christus
2083 3816 2147 3872 Job.

462 3901 647 3974 argumentis:
670 3906 691 3955 1.
712 3897 853 3969 Scriptura
872 3898 953 3968 dicit,
972 3906 1058 3952 totum
1075 3899 1211 3952 bominem
1229 3916 1292 3951 con·
1320 3907 1344 3970 3,
1362 3919 1387 3954 1.
1406 3907 1430 3956 3.
1449 3900 1524 3969 dicit,
1544 3902 1620 3970 quod
1638 3919 1670 3955 ec
1687 3919 1772 3956 carne
1784 3911 1878 3955 natum
1892 3910 2148 3979 1111111111111111.

463 3990 560 4059 cipiet
577 3988 656 4040 nasci
672 3988 702 4039 in
718 3986 840 4055 maeatis
851 3985 926 4040 Psal
943 3991 984 4052 51,
1001 4003 1026 4042 1.
1040 3992 1064 4042 1.
1091 3989 1134 4039 Ec
1150 3987 1292 4040 immutaris
1319 3987 1356 4043 Et
1373 3986 1464 4042 Galat
1477 3994 1501 4055 5,
1514 4003 1538 4043 v.
1552 3988 1677 4044 11111111
1691 4005 1775 4059 opera
1791 3990 1882 4045 carnis
1899 3995 2023 4044 recenset
2040 3996 2149 4061 aposto-

463 4076 565 4129 sems'ne
584 4071 649 4128 lob.
670 4078 715 4137 11,
734 4090 759 4125 1.
778 4078 802 4126 4.
821 4088 880 4124 esse
900 4089 1010 4125 carnem
1028 4070 1091 4127 lob
1110 4076 1141 4139 3,
1158 4089 1183 4125 1.
1203 4078 1227 4128 3.
1261 4072 1293 4126 Id
1319 4073 1363 4127 lus
1380 4074 1519 4140 haereses3
1540 4089 1609 4144 quas
1629 4074 1736 4144 mentis,
1755 4090 1811 4129 non
1829 4082 1922 4129 autem
1937 4075 2149 4144 appetitusscn-

463 4162 554 4233 ipsum
570 4158 654 4214 etiam
669 4176 720 4229 per
738 4163 831 4229 partes
849 4156 982 4225 ostendit3
1007 4157 1042 4212 de
1060 4162 1151 4213 moute
1169 4165 1198 4213 et
1214 4158 1293 4213 intel·
1319 4158 1393 4214 sitivi
1406 4158 1578 4229 operationes
1596 4177 1656 4214 esse
1675 4159 1818 4215 manifeste
1831 4166 1938 4215 constat
1954 4160 2034 4215 Rom.
2048 4166 2109 4224 8,1.
2125 4167 2150 4217 6.

463 4248 538 4303 lectu
549 4243 753 4313 bominisdicit,
767 4243 934 4314 waharna
946 4243 983 4296 sit
994 4245 1146 4311 1111111111
1158 4246 1294 4312 1111111111,
1319 4244 1450 4299 tribuitur
1467 4245 1542 4299 carni
1561 4242 1701 4315 φρόνημα.
1731 4244 1862 4301 Similiter
1879 4246 1968 4318 legem
1983 4246 2083 4301 mentis
2093 4264 2151 4302 non

463 4352 513 4389 nec
533 4332 625 4403 possit
647 4331 815 4399 intelliqerc,
839 4347 912 4399 quas
932 4330 988 4383 sint
1007 4330 1129 4399 spiriac
1146 4332 1206 4384 Dei
1222 4330 1293 4401 Eph.
1320 4332 1356 4386 dc
1375 4338 1480 4401 mente,
1499 4330 1588 4402 qualis
1606 4330 1654 4385 illa
1672 4338 1714 4386 cst
1730 4338 1842 4400 ustura,
1862 4329 1910 4387 se'd
1928 4331 1963 4387 de
1981 4339 2073 4387 mente
2089 4331 2150 4404 Spi-

464 4430 532 4493 5,1.
552 4427 574 4475 11.
599 4425 620 4474 1.
633 4419 695 4474 Cor.
714 4424 738 4486 1,
758 4436 783 4470 1.
804 4422 843 4472 14.
863 4416 897 4471 de
914 4415 1055 4471 voluntate
1073 4421 1101 4470 et
1118 4416 1201 4469 corde
1217 4415 1294 4484 dicit,
1320 4416 1375 4472 ritu
1400 4416 1456 4471 Dei
1480 4424 1612 4472 renovata
1634 4424 1663 4472 et
1684 4417 1834 4486 illustrata,
1861 4426 1890 4473 et
1907 4417 2029 4473 membra
2049 4418 2084 4473 de
2102 4434 2150 4488 po·

464 4510 541 4578 quod
564 4521 642 4559 orons
659 4506 822 4573 fiqmentum
844 4502 939 4556 cordis
961 4509 1068 4555 tamum
1094 4502 1198 4555 malum
1220 4490 1413 4592 omniltontiis
1439 4501 1566 4557 omuibus
1585 4504 1721 4563 cumsuis
1740 4504 1850 4574 organis
1867 4504 1898 4558 iu
1914 4503 2024 4559 homine
2042 4505 2151 4573 (quate-

464 4595 512 4649 dic
530 4612 548 4645 a
562 4590 687 4661 puerilia
705 4587 805 4645 Genea.
824 4594 848 4657 6,
866 4605 891 4641 1.
909 4595 933 4643 5.
951 4605 974 4642 1.
989 4593 1013 4642 8.
1030 4607 1056 4642 1.
1074 4593 1116 4642 11.
1136 4590 1213 4657 quod
1223 4607 1294 4658 pra·
1320 4605 1373 4642 nus
1397 4588 1519 4643 nondum
1545 4595 1722 4658 regeneratus
1741 4594 1794 4654 est)
1814 4588 1945 4659 intelligit
1967 4596 1995 4644 et
2012 4588 2093 4659 dicit,
2121 4608 2152 4645 se

463 4699 526 4735 sum
544 4696 592 4733 cor
611 4675 649 4730 sit
673 4684 698 4729 st
717 4675 898 4728 irmarutabile
922 4673 1023 4730 lesem.
1049 4681 1093 4743 11,
1119 4693 1145 4728 1.
1169 4681 1193 4731 9.
1219 4674 1296 4743 quod
1320 4692 1375 4729 non
1392 4680 1492 4742 mente,
1511 4681 1646 4744 quatenus
1664 4672 1804 4743 λογιστική
1822 4680 1872 4742 111,
1891 4675 1940 4730 scd
1958 4679 2096 4746 quatenus
2109 4694 2151 4731 rs·

357 4768 543 4822 1111111111
567 4765 604 4818 sit
628 4778 724 4817 sersus
744 4761 857 4831 peccati
880 4759 944 4816 Joh.
965 4766 997 4825 8,
1018 4778 1043 4813 v.
1061 4766 1102 4816 31.
1125 4769 1247 4813 mortuus
1264 4760 1295 4813 in
1320 4766 1452 4831 generata
1471 4766 1520 4829 est,
1538 4759 1594 4831 legi
1611 4760 1665 4815 Dei
1683 4759 1792 4814 servire.

459 4853 586 4926 peccatis
605 4847 677 4921 liplu
695 4854 724 4917 1,
749 4853 817 4903 1.1.
847 4846 881 4900 111
900 4859 1013 4915 corpore
1037 4854 1064 4901 et
1087 4848 1146 4917 ejus
1165 4846 1294 4901 membris
1355 4853 1396 4903 91.
1431 4845 1537 4917 Aperta
1564 4846 1618 4900 ista
1642 4845 1744 4900 veritas
1769 4845 1854 4916 ipsius
1881 4845 1964 4901 stiam
1987 4845 2150 4902 Bellarmini
2164 4855 2256 4906 Quoto

465 4940 546 5007 dicit,
572 4940 648 5010 quod
671 4936 769 4991 oculus
787 4943 813 4988 ct
834 4936 932 4987 dextra
951 4933 1143 4987 searcdalizent
1160 4934 1294 4988 iortsinem
1320 4927 1462 4990 assensum
1480 4932 1588 4988 meruit.
1625 4932 1670 4992 Sic
1684 4932 1755 4987 cuim
1773 4931 1870 4987 scribit
1887 4932 1947 4987 libr.
1962 4939 1985 4987 5.
2004 4931 2039 4988 dc
2057 4934 2150 4991 amiss.
2165 4907 2256 4999 iiim

464 5026 562 5081 Matth.
590 5034 622 5093 5,
647 5042 672 5079 v.
697 5029 738 5078 29.
763 5029 792 5077 et
814 5027 854 5076 30.
882 5022 959 5090 qum
975 5028 1122 5088 peccatum
1145 5021 1295 5075 habitatin
1320 5028 1391 5093 grat
1408 5026 1437 5075 et
1458 5026 1521 5075 stat.
1543 5036 1618 5089 pecc.
1639 5038 1663 5075 c.
1689 5018 1881 5075 15.1ο1119;
1907 5020 2076 5086 Nequedum
2093 5038 2151 5074 non

465 5113 580 5166 nsorlali
596 5118 689 5166 nostro
707 5124 824 5177 corpore
843 5106 921 5160 Rom.
939 5113 963 5172 s,
983 5124 1007 5159 1.
1030 5113 1138 5161 11111.
1170 5106 1247 5160 Rom.
1271 5113 1294 5174 3,
1321 5115 1374 5169 est,
1398 5107 1481 5161 etiam
1505 5106 1536 5158 in
1549 5114 1634 5174 parte
1655 5106 1765 5158 animae
1783 5105 1928 5173 superiore
1945 5105 2036 5159 1111111
2052 5107 2151 5160 citium

466 5216 492 5252 1.
510 5206 548 5252 13,
569 5202 597 5251 et
613 5213 689 5267 seqq.
707 5193 817 5266 singula
835 5192 892 5248 fere
911 5191 1034 5245 membra
1050 5190 1166 5246 hominis
1185 5209 1295 5248 enume-
1320 5192 1456 5258 iuueniri;
1485 5208 1551 5243 nam
1574 5208 1608 5245 ea
1630 5208 1737 5260 quoque
1761 5192 1872 5244 animae
1893 5209 1967 5261 pars
1987 5209 2084 5260 prona
2110 5201 2153 5246 eat

465 5293 570 5339 rantur.
593 5279 882 5351 stomachabitur
901 5285 928 5331 et
945 5277 1113 5347 privationes
1131 5279 1206 5334 circa
1222 5280 1294 5336 idem
1321 5281 1362 5332 acl
1373 5277 1606 5346 concupiscendos
1623 5278 1749 5346 bonores,
1766 5279 1874 5331 inanem
1891 5278 2020 5346 clarium,
2037 5287 2061 5331 et
2074 5280 2153 5332 alias

465 5376 608 5427 versemur
624 5368 794 5438 subjectum,
819 5367 881 5421 ideo
900 5381 933 5420 ex
952 5364 1077 5435 subjecto
1096 5366 1235 5437 originalis
1250 5369 1294 5437 ju·
1320 5366 1457 5419 vanitates
1470 5371 1503 5432 et,
1517 5364 2153 5433 11111111111,1111111111111111111

466 5459 557 5516 stitiac
584 5453 679 5526 colligi
707 5460 815 5524 potest,
845 5452 984 5525 quodnam
1009 5453 1118 5522 pcccati
1146 5453 1295 5524 originalis,
1321 5451 1472 5507 desideria.
1509 5449 1645 5513 Quocirca
1664 5453 1700 5507 B.
1719 5450 1828 5504 Paulus
1847 5451 1877 5503 in
1894 5451 2012 5520 epistola
2030 5451 2071 5503 ad
2093 5450 2152 5505 Ga-

466 5546 541 5620 quod
559 5541 696 5597 inlocum
714 5540 773 5610 ejus
793 5539 938 5607 successit,
958 5538 1112 5608 subjectum
1131 5539 1174 5593 sit.
1210 5538 1295 5594 Justi·
1321 5539 1371 5594 lat.
1396 5556 1418 5593 c.
1438 5540 1462 5589 5.
1485 5554 1546 5589 cum
1564 5536 1691 5599 amarat,
1712 5553 1823 5590 carnem
1841 5537 2031 5607 conescpiscera
2052 5539 2153 5591 adoer-

465 5635 506 5690 tia
532 5628 673 5702 originalis
698 5643 753 5681 nou
778 5627 831 5681 fuit
854 5633 963 5681 tantum
988 5625 1133 5697 aequabile
1161 5634 1295 5695 tempera·
1321 5644 1368 5679 sus
1391 5623 1533 5694 spiritum,
1558 5623 1653 5676 statim
1675 5639 1838 5676 enumerans
1857 5640 1943 5691 opera
1961 5624 2071 5693 aarum,
2096 5644 2154 5679 nou
2216 5676 2219 5681 .

465 5728 589 5777 mentum
608 5714 745 5787 corporis,
775 5713 824 5768 sed
843 5714 994 5784 praecipue
1015 5713 1069 5767 fuit
1085 5711 1221 5767 rectitudo
1239 5729 1295 5767 om·
1321 5712 1411 5767 solum
1436 5708 1589 5762 nominavit
1614 5710 1844 5776 fornicationem,
1870 5710 2026 5763 ebrietatem
2045 5718 2072 5763 et
2089 5712 2153 5765 alia

450 5796 542 5863 ¹trium
566 5805 676 5860 animae
699 5799 805 5855 virium.
840 5797 915 5870 Ergo
939 5799 1021 5854 etiam
1046 5804 1191 5870 peccatum
1213 5799 1295 5870 origi·
1321 5801 1354 5854 id
1372 5814 1466 5866 penus,
1482 5796 1534 5848 sed
1551 5796 1633 5850 1111111
1652 5795 1855 5863 idololatriam,
1876 5797 2014 5864 1111111111,
2031 5796 2153 5851 inimici-

765 2681 972 2689 ——-——-—..
