5017 6675
934 568 986 623 DE
1002 561 1187 623 Paucum
1208 559 1463 620 ACTUALIBUS.
1976 571 2036 630 225

338 720 382 792 gis
400 720 512 777 divinae
530 721 728 792 depravationi,
748 722 928 794 ejusdemque
947 739 1010 778 cum
1031 719 1175 791 evangelio
1207 733 1261 788 que
1286 716 1400 788 propris
1421 716 1529 787 peccati
1552 721 1653 772 natura
1678 718 1816 788 competit
1849 716 1938 789 Atqui
1957 717 2040 772 etiam

338 806 504 876 confusioni,
522 807 558 862 ad
578 809 761 878 patrocinium
778 809 908 880 propriae
921 809 1048 880 justitiae
1066 804 1175 876 excogi-
1201 802 1357 858 venialibus
1391 801 1598 878 παραηιώμασι
1627 804 1758 873 competit
1786 803 1898 875 propria
1930 802 2040 875 peccati

339 899 416 948 tatae
440 901 470 948 et
492 893 522 948 iu
546 894 648 950 Christi
667 896 845 968 sanguinem,
870 895 918 966 qui
937 895 1012 949 solus
1031 894 1067 948 ab
1089 891 1174 947 omni·
1202 887 1346 958 definitio,
1365 889 1496 945 videlicet
1512 889 1588 960 quod
1605 888 1662 944 sint
1680 887 1784 956 ἀνομία
1806 896 1828 944 1.
1846 888 1910 944 Joh.
1929 896 1953 958 3,
1972 908 1996 945 1,
2014 897 2039 946 4.

340 978 392 1034 bus
408 981 533 1050 peccatis
551 997 602 1035 nos
622 980 720 1050 abluit,
740 982 833 1036 multis
851 982 939 1036 modis
956 980 1084 1052 injuriae,
1104 977 1175 1032 aerio
1201 974 1277 1046 Ergo
1305 975 1389 1030 etiam
1415 974 1528 1046 propria
1550 974 1661 1045 peccati
1684 981 1786 1030 natura
1809 975 1877 1046 ipsis
1900 975 2039 1046 competit

341 1066 526 1135 adversamur,
544 1072 706 1136 statuentes,
722 1069 828 1122 nullum
846 1087 905 1123 esse
922 1074 1082 1140 peccatum,
1100 1065 1175 1138 quod
1201 1067 1225 1116 4.
1245 1060 1440 1132 Quodcunque
1467 1061 1518 1116 sub
1542 1077 1631 1131 poena
1657 1061 1857 1117 maledictionis
1882 1061 2040 1132 temporalis

344 1168 375 1207 ex
399 1169 502 1224 grume
526 1171 576 1208 suo
599 1154 645 1208 vel
671 1171 703 1210 ex
728 1154 935 1226 imperfectione
960 1153 1049 1224 operis
1074 1151 1110 1205 sit
1128 1167 1173 1206 re·
1203 1154 1230 1201 et
1250 1153 1381 1202 aeternae
1397 1163 1415 1200 a
1433 1146 1494 1218 lege
1512 1147 1688 1218 prohibetur.
1713 1146 1784 1201 illud
1807 1164 1858 1202 sna
1880 1156 1980 1202 natura
1998 1152 2041 1203 est

344 1238 415 1294 niele
439 1239 498 1295 sire
515 1239 596 1294 venia
615 1239 746 1310 dignum,
773 1242 847 1312 quod
866 1247 959 1295 autem
980 1238 1118 1310 quaedam
1135 1235 1177 1290 di·
1202 1232 1318 1286 mortale
1349 1240 1505 1303 peccatum.
1547 1233 1637 1304 Atqui
1666 1233 1749 1288 etiam
1779 1233 1899 1288 venialia
1924 1240 2041 1304 peccata

345 1330 442 1379 cuntur
458 1324 592 1394 venialia,
620 1327 756 1396 quaedam
782 1334 889 1382 tantum
908 1326 1047 1389 mortalia,
1071 1324 1101 1377 id
1121 1338 1177 1376 non
1202 1317 1256 1372 sub
1279 1317 1481 1372 maledictionis
1507 1319 1666 1389 temporalis
1689 1326 1718 1374 et
1743 1325 1872 1375 aeternae
1892 1320 2040 1373 commiua-

345 1409 374 1466 fit
392 1417 507 1482 propter
523 1420 651 1468 naturam
669 1420 854 1484 peccatorum,
873 1414 921 1468 sed
941 1419 1055 1483 propter
1072 1409 1176 1465 miseri-
1202 1403 1277 1457 tione
1297 1420 1315 1458 a
1332 1404 1395 1473 lege
1413 1403 1604 1474 prohibentur.
1641 1404 1753 1460 Denter.
1773 1411 1814 1474 11,
1833 1422 1861 1457 v.
1880 1410 1929 1459 26:
1948 1404 2040 1458 Male-

345 1497 463 1552 tordiam
487 1496 592 1569 Patris,
620 1499 746 1553 meritum
775 1499 840 1553 Filii
870 1506 897 1554 et
932 1496 1175 1552 saucdficationem
1204 1490 1314 1556 dictur,
1351 1490 1402 1558 qni
1430 1508 1485 1543 non
1511 1491 1701 1559 pmmonrrrit
1729 1493 1759 1544 in
1793 1491 1931 1559 omnibns,
1967 1505 2040 1557 qnae

347 1581 474 1653 Spiritum
505 1600 537 1638 ac
559 1584 672 1656 respicit
695 1584 765 1640 haee
786 1585 884 1640 divisio
906 1600 962 1639 uon
979 1601 1073 1639 omnes
1089 1583 1176 1637 homi·
1202 1576 1310 1644 10111111
1336 1577 1451 1629 11111111
1474 1577 1548 1631 libro
1572 1577 1657 1646 lenis,
1683 1575 1758 1647 quod
1780 1573 2041 1647 repetiturum,

345 1685 390 1723 nes
410 1669 439 1722 in
457 1686 571 1740 genere,
589 1670 639 1725 sed
656 1677 764 1725 tantum
785 1678 910 1741 renatos,
939 1688 989 1725 nec
1007 1668 1177 1724 desumenda
1201 1680 1227 1714 v·
1250 1667 1287 1716 10·
1325 1664 1384 1715 Lex
1407 1662 1569 1730 spiritualis
1595 1668 1636 1715 est
1659 1661 1737 1715 Rom.
1757 1667 1786 1731 t,
1811 1679 1836 1715 v.
1859 1668 1902 1728 14,
1925 1660 2041 1731 requirit

346 1760 435 1808 estex
453 1755 529 1826 lege,
562 1773 633 1827 quuc
657 1757 750 1812 niuniu
772 1764 904 1828 peccatu,
924 1756 1129 1827 qualiacunque
1148 1761 1177 1809 ce
1202 1747 1361 1802 interiorem
1379 1755 1407 1803 et
1423 1750 1585 1803 exteriorem
1604 1746 1732 1802 omnibus
1750 1747 1871 1802 numeris
1883 1747 2039 1802 absolutam

347 1847 372 1894 et
387 1842 633 1914 quantulacunque
650 1844 720 1911 sint,
745 1848 858 1898 accusat
875 1850 903 1897 ct
920 1843 1049 1909 damnat3
1075 1841 1124 1895 sed
1143 1857 1175 1895 ex
1203 1833 1404 1903 obedientiam,
1434 1834 1481 1905 qui
1508 1835 1538 1888 in
1561 1851 1616 1888 uuo
1642 1834 1724 1887 etiam
1752 1834 1866 1887 minimo
1895 1832 2037 1902 delinquit,

347 1927 502 1997 evangelio,
535 1930 609 1999 qnod
635 1928 757 1983 ostendit
779 1927 955 1983 credentibus
979 1927 1008 1980 in
1034 1925 1175 1981 Christum
1203 1918 1326 1974 debitam
1344 1925 1372 1973 et
1390 1919 1488 1989 alege
1506 1919 1668 1990 requisitam
1686 1919 1871 1974 obedientiam
1890 1935 1945 1972 non
1961 1934 2040 1988 prae·

346 2018 458 2080 peccata
479 2012 657 2081 infirmitatis,
679 2013 853 2086 ignorantiae
879 2018 907 2067 et
926 2029 1026 2082 pravas
1046 2011 1176 2081 concupi·
1203 2012 1274 2073 stat,
1303 2013 1493 2075 transgressor
1523 2004 1609 2076 igitur
1639 2005 1709 2076 legis
1734 2012 1776 2059 est
1800 2012 1828 2060 et
1854 2003 2040 2059 maledictioni

346 2098 462 2152 mentiar
486 2116 542 2154 non
562 2100 704 2171 imputari,
729 2100 753 2154 si
772 2100 811 2155 eis
829 2099 972 2167 resistant,
997 2097 1052 2153 hoc
1072 2106 1127 2161 est,
1152 2097 1176 2152 si
1202 2093 1264 2161 ejus
1283 2091 1417 2161 subjacet⁴
1453 2090 1529 2162 Ergo
1550 2091 1633 2145 etiam
1654 2090 1774 2147 venialia
1791 2095 1907 2162 peccata
1924 2096 1988 2144 sunt
2006 2106 2040 2144 ex

345 2183 428 2239 renati
455 2184 561 2240 111111
585 2186 659 2240 mala
684 2186 714 2240 in
732 2187 814 2241 corde
832 2184 988 2239 habitantia
1006 2188 1174 2256 agnoscant,
1202 2195 1232 2232 se
1256 2184 1284 2232 et
1308 2194 1359 2231 sua
1381 2182 1482 2231 natura
1508 2178 1642 2232 mortalia
1678 2185 1703 2234 5.
1722 2177 1765 2232 De
1786 2193 1952 2248 quocunque
1974 2191 2038 2247 pec·

346 2274 369 2324 1.
387 2269 423 2323 de
442 2269 497 2324 illis
514 2271 586 2325 serio
604 2272 728 2337 dolesum
760 2279 782 2326 3.
804 2272 900 2327 merito
923 2272 1082 2326 mediatoris
1099 2269 1177 2324 velut
1202 2271 1264 2317 cato
1289 2271 1385 2333 posset
1404 2262 1482 2318 Deus
1508 2264 1591 2319 etism
1615 2280 1632 2318 a
1655 2264 1758 2318 tensus
1777 2263 1886 2335 exigere
1904 2263 2039 2316 rationem
2052 2284 2079 2327 v.
2092 2283 2126 2326 as.

345 2356 505 2411 umbraculo
522 2356 580 2427 tegi
597 2364 694 2428 petant
712 2365 739 2413 ct
756 2358 883 2427 crcdnnt3
916 2364 941 2415 4,
959 2357 1052 2412 frenos
1072 2356 1111 2411 cin
1129 2372 1176 2411 nc.
1203 2349 1232 2402 in
1246 2349 1353 2419 judicio
1372 2356 1400 2404 et
1416 2366 1513 2405 revera
1530 2366 1591 2404 eam
1611 2351 1704 2421 exiget
1721 2365 1738 2404 a
1755 2367 1810 2404 non
1828 2349 1946 2412 renatis,
1969 2347 2039 2402 illud

347 2457 484 2512 quaquam
507 2441 613 2504 laxent,
640 2443 689 2498 sed
710 2442 815 2513 Spiritu
838 2444 877 2498 eis
896 2442 1039 2507 resistant,
1068 2441 1175 2496 crucifi·
1203 2442 1246 2490 est
1269 2451 1320 2489 sua
1339 2441 1439 2489 natura
1462 2435 1578 2489 mortale
1601 2444 1757 2506 peccatum,
1794 2434 1882 2507 Atqui
1903 2435 1986 2490 etiam
2004 2434 2039 2487 de

346 2533 440 2598 gentes
465 2545 576 2582 carnem
601 2536 673 2583 cum·
689 2529 932 2600 concupiscentiis;
962 2529 1031 2583 haec
1058 2533 1178 2600 quatuor
1203 2520 1358 2575 venialibus
1388 2521 1510 2591 peccatis
1538 2529 1632 2592 posset
1655 2522 1732 2577 Deus
1760 2540 1778 2577 a
1800 2521 1904 2577 renatis
1931 2521 2039 2591 exigere

347 2613 437 2684 cupita
462 2614 492 2667 in
519 2615 590 2685 apul,
617 2616 733 2671 ccnfcuu
758 2617 877 2689 August
900 2615 1053 2671 rectissime
1074 2614 1110 2668 ud
1136 2631 1177 2668 nc·
1203 2608 1339 2662 rationem
1375 2613 1403 2662 et
1437 2624 1534 2663 revera
1570 2625 1631 2663 earn
1667 2609 1760 2679 exiget
1793 2625 1810 2662 a
1841 2626 1897 2664 non
1928 2607 2039 2662 renatis.

347 2699 502 2754 missionem
518 2708 547 2755 et
564 2701 802 2757 mortificationem
819 2703 984 2780 referuntur.
1023 2702 1065 2755 Ex
1077 2700 1178 2771 quibus
1204 2692 1303 2746 111111111-
1325 2699 1416 2761 1211·
1441 2698 1489 2748 ³5²
1513 2693 1589 2746 95⁶0
1608 2694 1686 2746 110118
1704 2693 1755 2759 (aii
1773 2691 1913 2763 0111111118,
1933 2692 1981 2764 ‘ilfi
1998 2696 2041 2745 0⁸²

348 2786 472 2841 omnibus
490 2795 619 2858 apparet:
648 2794 670 2843 1.
689 2788 718 2842 in
741 2806 797 2843 non
819 2789 923 2844 renatis
942 2771 1020 2842 nulla
1038 2803 1098 2842 esse
1115 2803 1179 2857 pec·
1204 2779 1477 2848 *611188111101111111
1497 2780 1531 2831 ‘3⁶
1550 2777 1948 2849 0111111111001101011111111),
1966 2778 2042 2848 111011

348 2880 407 2926 cata
424 2872 559 2940 venialia,
584 2874 632 2928 scd
651 2874 743 2928 niuniu
765 2874 904 2942 munuliu3
935 2881 959 2929 2,
978 2872 1099 2928 venialia
1116 2888 1178 2942 pcc.
1206 2865 1293 2919 locuti
1308 2867 1422 2933 suerint
1447 2866 1583 2929 hominm,
1609 2866 1729 2919 reddent
1747 2866 1885 2919 rationem
1905 2867 1941 2919 de
1961 2882 1992 2918 eo
2011 2865 2041 2917 in

348 2964 407 3012 cata
432 2975 493 3012 esse
516 2958 586 3012 talia
607 2977 662 3014 non
687 2977 720 3014 ex
739 2966 838 3015 natura
854 2961 941 3031 ipsius
960 2965 1053 3023 actus,
1078 2958 1127 3013 sed
1146 2975 1179 3013 ex
1206 2953 1253 3005 die
1270 2951 1385 3020 judicii.
1421 2950 1497 3022 Ergo
1520 2951 1654 3020 venialia,
1680 2968 1751 3023 quae
1774 2953 1813 3005 ita
1831 2952 1961 3007 dicuntur
1979 2967 2042 3022 pec-

348 3043 503 3099 oonditione
530 3060 665 3115 personae
697 3044 896 3117 delinquentis,
926 3063 998 3117 quae
1028 3045 1051 3098 si
1082 3047 1125 3098 est
1150 3044 1179 3096 in
1206 3045 1287 3106 cata,
1320 3044 1385 3092 sunt
1410 3054 1461 3091 sua
1486 3044 1587 3092 natura
1609 3037 1748 3118 mortalia..
1782 3036 1872 3109 Major
1894 3042 1971 3093 certa
1993 3042 2043 3104 est,

348 3128 454 3184 Christo
484 3147 535 3199 per
563 3129 659 3201 fidem,
691 3139 806 3202 peccata
835 3131 1003 3187 infirmitatis
1031 3135 1178 3202 teguntur3
1207 3123 1273 3194 quia
1287 3123 1425 3193 judicium
1446 3122 1500 3178 Dei
1518 3141 1574 3178 non
1593 3123 1681 3179 solum
1699 3123 1873 3193 temporales,
1892 3123 2043 3178 sedetiam

349 3221 370 3270 3.
391 3233 493 3271 nomen
519 3218 642 3271 mortalis
670 3219 779 3288 peccati
804 3236 860 3273 non
884 3235 943 3272 esse
968 3217 1035 3271 satis
1059 3232 1179 3270 commo·
1206 3215 1333 3266 aeternas
1351 3227 1457 3281 poenas
1473 3210 1681 3280 complectitur,
1708 3209 1819 3281 quando
1842 3209 1872 3264 in
1891 3225 1947 3264 non
1964 3225 2043 3264 rena·

348 3300 425 3372 dum,
449 3302 596 3358 dicendum
615 3304 706 3374 potius
724 3310 783 3359 erat
802 3304 987 3374 mortiferum,
1010 3301 1179 3378 porreisan
1205 3304 1248 3353 tos
1276 3297 1350 3351 illius
1377 3297 1481 3353 fulmen
1506 3297 1638 3352 vibratur.
1682 3294 1774 3350 Minor
1799 3295 1896 3351 itidem
1922 3294 2042 3364 evidens,

347 3404 481 3460 regnans;
515 3396 539 3445 4.
559 3407 610 3445 nee
628 3390 777 3445 venialium
797 3399 975 3462 peccatorum
992 3407 1092 3445 nomen
1112 3388 1179 3443 satis
1205 3384 1370 3455 praesertim
1402 3400 1468 3439 vero
1499 3383 1718 3452 observandum,
1755 3383 1830 3454 quod
1858 3382 2043 3437 Bellarminus

348 3476 520 3530 commodum
543 3482 599 3540 est,
624 3477 744 3532 dicenda
765 3479 858 3548 potius
876 3484 956 3533 erant
971 3483 1088 3548 peccata
1105 3474 1179 3530 infir·
1205 3472 1252 3526 lib.
1274 3476 1296 3525 1.
1315 3470 1350 3525 de
1368 3469 1458 3523 amisa.
1476 3475 1546 3541 grat.
1566 3474 1677 3525 etsist.
1696 3484 1771 3538 pecc.
1791 3486 1815 3523 o.
1831 3474 1857 3524 3.
1881 3467 2043 3523 nominatim
2136 3507 2138 3511 -

348 3560 458 3628 mitatis,
478 3561 574 3633 lapsus
595 3561 715 3632 humani,
732 3580 834 3634 pravae
853 3563 1093 3634 concupiscentiae
1111 3567 1178 3629 etc.;
1205 3556 1320 3612 verbum
1338 3557 1457 3611 otiosum
1475 3556 1548 3610 inter
1559 3554 1806 3625 venialiapecoata
1818 3553 1911 3609 refert.
1943 3554 2042 3610 6.(1111-

349 3664 438 3718 neque
465 3648 538 3702 enim
564 3649 627 3703 ideo
651 3649 780 3703 dicuntur
803 3648 937 3714 venialia,
963 3649 1038 3720 quod
1057 3648 1085 3703 in
1103 3664 1133 3702 se
1152 3654 1180 3701 et
1207 3660 1317 3716 cunque
1334 3644 1446 3714 propria
1462 3642 1570 3715 peccati
1589 3642 1688 3697 effecta
1705 3641 1877 3707 tribuuntur,
1903 3642 1973 3696 illud
1991 3657 2043 3697 sua

349 3751 381 3788 ex
400 3751 430 3789 se
446 3734 528 3788 venis
546 3735 602 3789 sint
620 3736 720 3807 digna,
748 3735 797 3790 sed
818 3735 892 3806 quod
909 3735 988 3791 Deus
1004 3734 1180 3792 credentibus
1206 3735 1308 3785 natura
1330 3736 1475 3801 peccatum
1501 3728 1617 3783 mortale
1640 3734 1689 3784 est.
1734 3729 1774 3784 At
1797 3728 1952 3784 venialibus
1975 3746 2040 3800 pec·

349 3836 382 3875 es
399 3820 521 3874 dimittat
539 3837 571 3875 ac
590 3823 671 3877 venia
691 3821 828 3893 dignetur.
1208 3816 1278 3871 cetis
1300 3815 1412 3886 propris
1433 3814 1541 3885 peccati
1559 3813 1660 3870 effecta
1675 3812 1843 3869 tribuuntur.
1880 3814 1979 3870 1111111.
2003 3822 2042 3885 15,

257 3910 302 3957 tntu
382 3910 422 3960 93.
461 3905 575 3960 Nullum
602 3907 687 3978 igitur
713 3924 773 3962 esse
798 3924 848 3978 per
878 3923 907 3962 se
938 3913 967 3961 et
998 3923 1050 3960 sua
1081 3911 1183 3960 natura
1208 3920 1235 3959 v.
1259 3908 1303 3959 ta:
1322 3919 1354 3955 en
1370 3904 1456 3956 eorde
1470 3903 1629 3971 procedant
1648 3901 1828 3968 cogitationes
1844 3902 1951 3971 mnae,
1970 3917 2043 3970 quae

257 3971 322 4062 ἓξ
348 3991 457 4046 reniale
490 3997 636 4064 peccatum
672 3994 891 4049 demonstramus
920 3991 964 4046 his
996 3992 1182 4063 argumentis:
1209 3990 1349 4058 impnrnm
1367 3988 1492 4041 reddunt
1510 3987 1656 4042 hominem.
1690 3986 1821 4055 1111164,
1846 4004 1871 4042 r.
1893 3994 1924 4043 6:
1950 4005 2044 4042 omnes

257 4075 312 4163 ,Ἀ
351 4082 373 4131 1,
394 4076 534 4149 Quicquid
549 4078 729 4135 committitur
754 4086 849 4135 contra
870 4082 1010 4133 aeternam
1036 4084 1065 4133 et
1087 4078 1181 4132 immo·
1208 4084 1322 4130 nostroe
1341 4075 1473 4144 justitiae
1496 4075 1568 4127 sicut
1580 4091 1696 4143 ponnus
1711 4074 1840 4128 mulieris
1856 4082 2045 4128 menstruatae

257 4176 323 4215 srva
350 4168 406 4217 tam
424 4162 479 4219 Dei
497 4166 636 4236 justitiam
660 4165 689 4220 in
707 4166 769 4239 lege
787 4165 950 4233 revelatam,
976 4164 1047 4218 illud
1066 4180 1117 4218 sua
1135 4180 1182 4217 na·
1210 4159 1352 4226 (videlicet
1377 4164 1492 4230 propter
1516 4158 1669 4216 adhaerens
1697 4160 1864 4231 peccatum).
1910 4159 1973 4216 Job.
2004 4165 2044 4224 11,

351 4256 413 4304 tura
438 4257 481 4305 est
506 4252 623 4306 mortale
647 4258 801 4323 peccatum.
842 4250 931 4322 Atqui
956 4250 1039 4305 etiam
1064 4250 1184 4306 venialia
1208 4264 1234 4299 v.
1256 4252 1303 4302 14:
1337 4245 1414 4308 Quid
1442 4253 1481 4300 est
1504 4245 1600 4316 homo,
1623 4246 1655 4300 'ut
1677 4248 1715 4299 sit
1734 4247 1930 4299 immaculatus
1949 4262 2044 4299 coram

352 4342 466 4406 peccata
490 4338 699 4393 committuntur
723 4344 819 4393 contra
838 4342 977 4392 aeternam
997 4343 1025 4391 et
1042 4336 1184 4391 immotam
1208 4333 1275 4386 'Deo
1300 4338 1353 4387 etc.
1393 4332 1481 4387 Exod.
1507 4337 1555 4402 34,
1583 4351 1607 4386 r.
1633 4339 1661 4386 t:
1689 4330 1792 4386 Corum
1815 4333 1878 4385 Deo
1904 4348 1982 4385 nemo
2006 4339 2046 4385 est

352 4420 404 4477 Dei
419 4422 558 4492 justitiam
575 4424 604 4477 in
622 4424 684 4496 lege
702 4423 859 4479 revelatam.
895 4423 970 4494 Ergo
988 4428 1054 4478 sunt
1071 4440 1122 4477 sua
1135 4439 1183 4478 na·
1209 4419 1350 4473 innocens.
1393 4417 1493 4472 Mattb.
1521 4425 1552 4487 5,
1579 4434 1604 4471 v.
1633 4423 1680 4473 22:
1708 4417 1758 4487 cui
1783 4417 1919 4471 irascitur
1945 4417 2046 4487 fratri,

351 4512 412 4562 tura
442 4508 570 4564 mortalia
597 4516 720 4580 peecata.
769 4516 793 4565 2.
817 4510 1008 4581 Quodcunque
1040 4507 1184 4579 Scriptura
1203 4506 1318 4574 judicio
1344 4512 1385 4558 est
1412 4504 1562 4558 obnoxias:
1592 4503 1657 4557 hinc
1685 4520 1779 4559 omnes
1807 4503 1912 4572 sancti,
1939 4502 2047 4560 etiamsi

352 4593 477 4650 absolute
495 4602 523 4650 et
540 4596 702 4665 simpliciter
718 4595 881 4666 pronuntiat
900 4614 960 4652 esse
979 4603 1133 4666 peccatum,
1154 4596 1183 4650 id
1209 4590 1439 4663 concupiscentiis
1467 4590 1524 4644 suis
1555 4589 1702 4659 resistant,
1736 4598 1829 4646 tamen
1856 4591 1927 4647 serio
1957 4593 2046 4645 orant.

352 4695 444 4735 reram
463 4687 492 4735 et
510 4680 649 4751 propriam
666 4681 775 4751 peccati
791 4687 937 4752 naturam,
958 4681 1089 4736 videlicet
1105 4698 1183 4736 reum
1210 4678 1312 4735 Psalm.
1335 4684 1390 4748 1311,
1410 4694 1436 4730 r.
1458 4681 1487 4731 ³:
1517 4676 1552 4730 Si
1568 4675 1733 4745 iniquitates
1751 4676 2045 4740 11111111111111111,

353 4765 445 4820 mortis
474 4764 581 4833 facere,
606 4766 714 4821 retinet.
750 4766 816 4822 Jam
832 4783 897 4821 vero
919 4766 1040 4821 venialia
1067 4773 1185 4837 peccata
1212 4767 1342 4831 Domine,
1361 4762 2046 4835 1111111111111Ρ11111.143,1,111111111111

345 4850 479 4930 ‚absolute
497 4855 525 4905 et
542 4851 705 4922 simpliciter
721 4851 908 4922 inscriptura
927 4852 1058 4907 dicuntur
1068 4856 1186 4922 peccata
1211 4854 1241 4905 in
1259 4852 1399 4920 indicium
1417 4868 1478 4904 mim
1496 4866 1576 4904 servo
1595 4857 1652 4918 tuo,
1671 4850 1739 4919 qnia
1757 4867 1813 4903 non
1824 4850 2001 4919 ι11111111111111
2016 4847 2048 4902 in

355 4943 382 4991 11
400 4936 503 4993 debita
536 4944 557 4992 1.
575 4937 639 4994 doh.
663 4945 684 5008 1,
703 4955 728 4992 r.
749 4943 780 4993 8:
801 4938 1013 5005 didicerimus,
1031 4940 1187 5007 qnodpcc·
1212 4945 1358 5007 conspectu
1375 4944 1423 4990 tno
1441 4936 1531 4989 omnis
1548 4936 1648 4992 vinens.
1677 4934 1786 5005 ,Rsalm
1808 4942 1853 5004 la,
1872 4953 1898 4990 v.
1918 4940 1964 4992 1³:
1990 4937 2048 4989 De·

354 5030 446 5076 cuturn
467 5041 524 5097 non
546 5023 691 5092 11αό1111111,
716 5024 871 5094 decipimus
892 5025 1047 5093 nosipsos.
1083 5024 1186 5092 1113,
1214 5026 1281 5077 lictu
1300 5023 1363 5094 qnia
1384 5022 1525 5091 institute,
1542 5022 1578 5075 ab
1597 5017 1714 5075 semellia
1730 5019 1800 5075 11111
1817 5022 1924 5074 mundo
1939 5027 2049 5079 111111.

354 5114 421 5164 nt:
443 5110 474 5162 in
492 5110 587 5163 multis
606 5110 773 5179 offendimus
785 5113 942 5184 (πταίομεν)
958 5127 1060 5167 omnes.
1084 5109 1131 5165 Ps.
1145 5114 1186 5178 31,
1212 5109 1289 5182 Ergo
1319 5113 1436 5179 peecata
1464 5106 1585 5163 venialia
1611 5110 1677 5161 suut
1702 5122 1736 5161 ex
1762 5121 1793 5160 se
1817 5111 1846 5160 et
1871 5122 1922 5160 sua
1948 5114 2066 5182 uatum

355 5211 379 5248 r.
398 5200 427 5250 6:
453 5212 509 5264 pro
526 5204 704 5264 peccatoram
722 5197 886 5250 remissione
905 5196 998 5252 orabit
1016 5197 1106 5249 omnis
1122 5213 1187 5250 san·
1214 5194 1356 5263 mortalia,
1375 5210 1408 5249 ac
1427 5193 1450 5247 si
1468 5193 1545 5249 Deus
1565 5199 1679 5263 propter
1696 5205 1731 5246 aa
1746 5188 1777 5244 iu
1789 5190 1928 5261 judicium
1946 5183 2054 5250 mussi

355 5286 421 5334 etns.
452 5278 552 5336 Matth.
572 5286 596 5349 6,
615 5296 640 5335 r.
663 5288 708 5337 12:
726 5283 845 5338 Dimitte
862 5283 941 5337 nohis
960 5282 996 5336 τὰ
1014 5280 1189 5356 ὀφειλήματα
1215 5281 1311 5346 vellet,
1332 5279 1485 5351 justissime
1509 5294 1560 5333 nos
1577 5274 1727 5347 reprobare
1745 5292 1780 5331 ac
1797 5276 1930 5335 damnare
1948 5286 2052 5352 posset

356 5364 443 5439 ἡμῶν,
463 5367 558 5420 debito
576 5375 680 5421 nostra.
716 5367 785 5423 Luc.
808 5373 854 5438 11,
872 5387 898 5423 v.
920 5374 948 5424 3:
974 5368 1092 5423 Dimitte
1109 5369 1189 5423 nobis
1217 5376 1239 5423 t.
1267 5367 1460 5439 Quodcunque
1489 5363 1614 5419 Christus
1640 5367 1674 5419 ut
1697 5360 1983 5439 Pharisaicamrlegis
2010 5366 2052 5422 di·

353 5449 400 5511 ric
423 5449 562 5525 ἁμαρτίας
579 5452 666 5526 ἡμῶν,
685 5462 806 5523 peccota
832 5462 936 5508 nostra.
973 5453 1048 5525 Ergo
1069 5453 1188 5509 venialia
1214 5456 1296 5510 vinae
1319 5452 1543 5524 depravationem
1565 5447 1706 5519 repudiat,
1733 5449 1804 5505 illud
1830 5468 1850 5507 a
1864 5445 2052 5510 1111111111

355 5543 471 5607 peccata
490 5535 596 5593 habent
615 5555 665 5609 per
688 5555 718 5594 se
743 5544 772 5593 et
790 5556 824 5595 ex
842 5555 872 5595 se
891 5555 985 5594 veram
1004 5545 1033 5593 et
1049 5540 1189 5610 propriam
1214 5539 1316 5615 scholis
1334 5539 1551 5595 Christianorum
1575 5534 1672 5591 merito
1690 5535 1816 5593 exsulare
1835 5535 1927 5597 debet.
1961 5538 2051 5610 Atqui

355 5622 464 5692 pocomi
481 5629 617 5693 naturam,
635 5624 765 5679 videlicet
779 5641 858 5680 reum
876 5624 971 5680 mortis
990 5623 1091 5679 facere.
1110 5623 1190 5680 Rom.
1215 5625 1353 5681 sententia
1378 5625 1440 5694 iila,
1465 5622 1540 5695 quod
1565 5621 1704 5693 quaedam
1732 5640 1784 5679 sua
1806 5628 1908 5681 natura
1928 5626 1984 5680 sint
2005 5640 2051 5681 re·

357 5712 380 5776 1,
397 5724 424 5762 r.
441 5707 504 5764 ult:
530 5708 707 5778 Stipendium
720 5711 834 5780 peccati
849 5728 925 5766 murs
944 5718 991 5765 est.
1027 5716 1050 5766 3.
1070 5709 1190 5765 Cuicun·
1216 5712 1303 5767 ninlia
1325 5717 1442 5783 peccata
1464 5715 1492 5765 et
1519 5713 1577 5762 tam
1603 5706 1726 5775 minuta,
1751 5716 1783 5765 ut
1806 5728 1862 5767 uon
1881 5710 1937 5766 siut
1954 5718 2053 5768 contra

356 5808 412 5866 que
435 5795 567 5865 competit
588 5795 700 5866 propria
720 5796 829 5870 peccati
849 5795 985 5865 delinitio,
1013 5796 1187 5867 eidemque
1216 5798 1323 5870 legem,
1349 5802 1382 5851 ut
1405 5793 1583 5849 Pharisaicus
1608 5810 1685 5851 error
1709 5811 1728 5849 a
1753 5795 1864 5853 Christo
1890 5797 2053 5869 repudiatur

410 5882 584 5932 (111111111οὦ
600 5890 626 5931 11.
1693 5903 1728 5956 ¹5
