5017 6675
921 568 973 624 Dii
991 566 1157 626 IMAGINE
1175 567 1242 625 DEI
1261 567 1304 627 IN
1320 567 1480 628 ΗΟΜῙΝΕ.
1981 581 2039 639 115

383 728 426 778 49.
470 719 587 786 Quando
613 738 679 794 ergo
702 721 813 794 dicunt,
841 722 1092 794 concupiscentiam
1117 722 1182 780 oriri
1211 729 1239 778 et
1256 722 1386 793 formam,
1411 741 1511 794 corpus
1527 728 1555 778 et
1574 722 1693 778 animam
1710 723 1826 779 hominis
1846 723 1980 796 optimum
1997 742 2062 791 οτ-Ι

347 825 382 864 ex
400 808 533 863 materiae
559 808 732 878 conditione,
760 810 949 881 quaerendum
976 810 1011 865 de
1037 827 1093 881 qua
1120 825 1183 863 con·
1210 808 1315 874 dinem,
1333 806 1564 877 conformitatem,
1591 825 1625 863 ac
1642 809 1835 866 rectitudinem
1854 809 1970 866 efficere
2006 809 2040 865 In
2110 807 2113 811 ’

346 894 522 965 cupiscentia
568 900 596 949 et
642 895 677 949 de
719 912 775 968 quo
814 896 940 966 appetitu
975 895 1028 951 hoc
1063 894 1181 966 intelligi
1208 894 1271 966 ipso
1295 892 1363 948 DEI
1390 911 1480 973 opere·
1494 900 1604 964 praeter
1622 896 1681 966 ejus
1700 895 1878 952 intentionem
1895 896 2038 968 quippiam

345 978 454 1034 velint?
501 980 553 1035 Est
585 980 658 1036 enim
683 980 823 1052 appetitus
851 982 965 1053 quidm
993 982 1094 1050 boum,
1122 980 1182 1052 qui-
1209 980 1273 1034 oriri
1302 985 1330 1035 et
1355 979 1484 1035 exsistere
1508 978 1570 1050 quis
1593 979 1705 1050 dixerit,
1735 981 1781 1035 cui
1798 981 1906 1037 infinita
1923 980 1977 1037 Dei
1996 999 2039 1036 sa-

346 1066 413 1120 dam
443 1083 509 1121 vero
539 1066 670 1136 vitiosus,
707 1068 784 1138 prior
820 1074 863 1123 est
893 1068 1035 1122 ordinatus
1064 1074 1180 1122 naturae
1208 1064 1314 1135 pientia
1331 1082 1363 1119 ac
1382 1064 1508 1136 potentia
1524 1063 1655 1136 cognita?
1690 1064 1772 1123 Certe
1795 1084 1852 1122 non
1872 1074 1915 1122 est
1933 1067 2039 1138 sapien·

346 1158 455 1222 motus,
490 1152 567 1208 Ι)Εο
596 1152 726 1224 placens3
755 1154 891 1226 posterior
920 1159 1014 1210 autem
1043 1170 1099 1208 non
1131 1150 1245 1263 dnqtis
1268 1150 1373 1218 dicere,
1402 1166 1457 1203 non
1481 1155 1617 1220 putaram.
1652 1150 1726 1223 Ergo
1750 1168 1802 1207 nec
1822 1153 1954 1224 sapientis
1979 1153 2039 1223 erit,
2085 1201 2087 1206 .

345 1238 385 1293 cit
411 1238 548 1310 originem
570 1255 604 1295 ex
630 1239 762 1295 materiae
788 1240 888 1306 (bonae
913 1255 931 1293 a
956 1238 1034 1294 DEO
1062 1242 1182 1305 creatae)
1208 1235 1262 1307 ipsi
1282 1234 1435 1306 sapientiae
1452 1234 1504 1290 hoc
1521 1234 1651 1291 tribuere.

348 1324 522 1394 conditione,
549 1323 600 1380 boc
625 1331 680 1395 est,
708 1342 809 1396 corpus
839 1331 867 1380 et
891 1325 984 1380 anima
1009 1323 1127 1380 hominis
1154 1323 1182 1378 in
1244 1327 1286 1376 55.
1320 1320 1380 1377 Nec
1410 1320 1537 1391 procedit
1565 1320 1731 1390 similitudo,
1768 1337 1840 1391 quae
1871 1322 2038 1379 Bellarmino
2093 1357 2098 1369 ·

346 1410 426 1481 puris
445 1410 618 1465 naturalibus
637 1419 692 1465 non
710 1411 823 1466 fuerunt
840 1411 881 1465 ita
898 1410 1020 1480 condita,
1036 1414 1069 1464 ut
1083 1415 1184 1463 natura
1209 1407 1315 1477 placet:
1344 1406 1439 1460 Faber
1454 1407 1598 1472 serrarius
1616 1406 1742 1478 (inquit),
1766 1409 1815 1475 qui
1832 1425 1864 1462 ea
1878 1410 1962 1474 ferro
1981 1410 2041 1478 plc-

347 1495 422 1551 illius
442 1497 683 1568 concupiscentiae
701 1497 819 1553 flammis
838 1497 975 1552 arderent,
1210 1492 1288 1544 ds'um
1311 1492 1452 1560 fabricat,
1476 1510 1532 1546 aba
1559 1500 1598 1546 eat
1621 1509 1709 1544 causa
1732 1493 1869 1561 rubiginis
1886 1494 1916 1546 ἐπ
1933 1495 2042 1564 gladtb,
2092 1560 2098 1567 .

258 1593 335 1633 ruera
383 1590 425 1640 50.
451 1582 548 1655 Digna
565 1584 682 1656 proinde
700 1583 764 1638 odio
782 1583 830 1637 illa
844 1581 1005 1637 Bollnrmini
1024 1580 1182 1653 disputatio,
1209 1594 1280 1646 quas
1317 1594 1350 1631 sc
1383 1579 1519 1631 materiae
1548 1578 1707 1630 cordatione
1732 1586 1833 1646 postca
1863 1581 1970 1649 oritor,·
2001 1583 2043 1635 a'ta

257 1646 333 1737 :1¹³⁰
347 1670 423 1741 quod
450 1668 481 1723 in
506 1669 616 1725 homine
633 1669 722 1740 primo
740 1670 914 1725 considerato
930 1669 960 1723 in
976 1668 1053 1740 puris
1072 1675 1182 1722 natura·
1206 1671 1322 1732 practer
1353 1664 1435 1716 DEI
1457 1664 1635 1717 intentionem
1661 1664 1764 1716 erstbit
1792 1664 1846 1719 s'llc
1876 1667 1971 1719 corais
2001 1668 2043 1720 ad

257 1750 305 1839 ζ,
346 1754 421 1811 libus
444 1755 669 1826 concupiscentia
696 1755 771 1809 mala
793 1762 821 1810 et
845 1755 910 1810 odio
928 1754 994 1809 DEI
1014 1754 1100 1827 digna
1118 1758 1183 1808 actu
1209 1749 1337 1818 spiritum
1371 1748 1497 1803 rebellio.
1545 1749 1585 1804 At
1616 1767 1718 1822 magna
1747 1751 1857 1805 omnino
1887 1751 2041 1809 diversitas.

257 1862 312 1892 ss·-
346 1842 436 1912 primo
461 1842 562 1912 fuerit3
591 1859 717 1913 repressa
744 1846 837 1898 tamen
861 1841 940 1913 quasi
967 1859 1018 1913 per
1041 1838 1183 1912 originalis
1210 1834 1300 1890 Faber
1327 1832 1459 1889 ferrarius
1486 1835 1629 1890 materiam
1651 1851 1725 1894 ,suae
1751 1835 1817 1890 artis
1838 1836 1955 1907 invenit,
1986 1854 2042 1892 non

257 1930 264 1944 '
342 1928 472 1999 justitiae
489 1928 615 1995 frenum,
638 1946 673 1984 ne
691 1929 720 1983 in
738 1933 830 1982 actum
850 1927 1002 1984 secundnm
1019 1931 1182 1998 erumperet.
1206 1919 1294 1990 'sacit3
1323 1919 1346 1973 si
1371 1927 1483 1990 posset,
1504 1920 1588 1976 talem
1613 1920 1710 1992 utique
1736 1920 1860 1992 gladium
1883 1921 2042 1988 fabricaret,

345 2013 583 2086 Distinguendum
613 2015 687 2069 enim
717 2014 790 2069 inter
821 2015 961 2086 appetitus
989 2011 1129 2067 naturales
1155 2018 1184 2066 et
1211 2006 1259 2076 qui
1278 2003 1434 2077 rubiginem
1452 2022 1508 2060 non
1526 2005 1707 2060 contraheret
1743 2006 1820 2060 Deus
1839 2008 1981 2063 materiam
1999 2008 2042 2063 sui

345 2099 464 2163 ἀταξίαν
493 2101 674 2173 appetituum.
726 2099 857 2156 Sensitivi
880 2100 1019 2171 appetitus
1043 2098 1182 2169 objectum
1209 2091 1299 2160 operis
1318 2108 1373 2146 non
1391 2089 1507 2160 invenit,
1531 2090 1580 2145 sed
1597 2089 1677 2159 facit,
1702 2096 1812 2162 praeter
1835 2094 1894 2163 ejus
1912 2093 2039 2149 intentio·

345 2205 403 2242 non
419 2194 463 2243 est
481 2187 648 2243 mntrarium
665 2185 809 2241 rationalis
825 2185 965 2257 appetitus
978 2184 1097 2255 objecto,
1115 2200 1182 2255 ergo
1208 2191 1272 2230 110111
1291 2175 1320 2230 in
1338 2192 1420 2248 opere
1438 2175 1543 2248 aliquid
1560 2177 1690 2231 emistere
1706 2174 1829 2247 nequit..

345 2273 431 2329 etiam
456 2279 548 2328 motus
565 2272 706 2345 appetitus
723 2271 862 2340 sensitivi,
888 2287 944 2342 qua
962 2269 1040 2338 talis,
1066 2286 1122 2323 non
1140 2276 1182 2323 est
1243 2274 1283 2324 56.
1319 2269 1378 2326 Nec
1396 2271 1522 2342 procedit
1537 2270 1685 2342 effugium,
1708 2271 1785 2340 qaod
1805 2279 1958 2341 propterca
1982 2274 2041 2327 Dei
2091 2308 2097 2320 .

345 2359 502 2414 contrarius
519 2358 647 2415 rationali
664 2356 811 2430 appetitui,
830 2355 951 2411 sedtum
965 2353 1182 2411 demumevadit
1208 2373 1278 2425 opas
1301 2364 1428 2409 abactam
1453 2374 1487 2410 ac
1507 2375 1611 2426 param
1633 2357 1686 2424 sit,
1713 2355 1782 2424 quia
1803 2374 1886 2426 super
1910 2358 2040 2411 additam

345 2444 520 2515 contrarius,
539 2444 651 2515 quando
668 2442 770 2498 limites
789 2441 939 2514 egrediar.
1206 2442 1297 2504 fucrit
1319 2443 1455 2512 frenum,
1489 2460 1543 2512 qno
1573 2441 1731 2495 dcbsbscat
1761 2443 1877 2511 affectans
1910 2445 2039 2500 coerceri.

257 2543 314 2591 nsu·
381 2538 423 2589 51.
455 2530 490 2585 In
508 2529 618 2584 Christo
635 2529 689 2584 fuit
708 2529 847 2600 appetitus
865 2528 934 2598 cibi,
952 2526 1049 2581 Matth.
1069 2531 1094 2596 4,
1110 2543 1136 2581 v.
1156 2531 1180 2580 2.
1207 2524 1303 2581 Manet
1320 2527 1393 2583 enim
1411 2527 1460 2582 illa
1475 2527 1590 2583 rebellio
1608 2543 1695 2598 prava
1712 2532 1741 2582 et
1759 2526 1833 2582 mala
1851 2528 1926 2597 inse,
1946 2534 2040 2585 manet

257 2598 324 2686 2:2¹
340 2627 440 2688 potas,
459 2615 524 2673 Joh.
544 2622 568 2686 4,
585 2633 613 2672 r.
633 2622 655 2670 7.
675 2614 774 2683 somni,
791 2613 890 2669 Matth.
907 2618 932 2682 8,
949 2632 974 2666 v.
996 2618 1043 2682 24,
1063 2612 1110 2684 qui
1131 2629 1180 2684 ap·
1207 2617 1371 2683 peccatum,
1391 2619 1423 2668 ut
1440 2613 1582 2684 apostolus
1599 2613 1744 2686 aliquoties
1763 2631 1891 2686 expresse
1908 2616 2041 2686 nominat,

257 2708 332 2738 Μ
344 2702 449 2774 petitus
467 2702 540 2757 sicut
557 2701 664 2773 absque
683 2700 757 2756 omni
768 2698 927 2771 peccatoin
940 2698 1049 2754 Christo
1060 2699 1180 2765 fuerunt,
1206 2698 1273 2754 licet
1300 2698 1336 2755 ex
1363 2699 1507 2755 accidente
1538 2700 1700 2771 corrigatur.
1741 2699 1838 2773 Equus
1860 2701 2041 2758 nihilominus

345 2790 386 2845 ita
402 2806 515 2861 quoque
532 2795 703 2843 caeterorum
721 2802 888 2858 organorum
907 2784 1048 2857 appetitus
1071 2783 1179 2839 ordina·
1206 2783 1283 2838 ferus
1311 2792 1354 2840 est
1385 2790 1414 2841 et
1445 2784 1635 2852 recalcitrans,
1667 2784 1733 2840 licet
1757 2785 1835 2841 freno
1856 2795 1983 2860 regatur,
2012 2793 2041 2844 et

344 2881 390 2930 tus
416 2874 517 2931 fuisset
542 2875 572 2928 in
597 2872 755 2954 hominibus
783 2877 848 2927 ante
873 2871 992 2943 lapsum.
1034 2869 1080 2927 Sic
1104 2887 1180 2925 amor
1206 2870 1363 2927 carceribus
1394 2869 1588 2945 prohibeatur,
1624 2886 1660 2924 ne
1689 2870 1719 2926 in
1750 2879 1876 2944 apertum
1908 2890 2040 2947 campum

344 2962 474 3035 conjugis
490 2961 545 3017 fuit
562 2961 591 3015 in
608 2961 719 3016 Adamo
737 2964 802 3015 anta
813 2960 931 3031 lapsum,
948 2957 1051 3014 Genea.
1064 2962 1089 3020 2,
1100 2973 1127 3012 r.
1140 2960 1179 3012 2³.
1206 2963 1341 3028 erumpat.

343 3046 373 3103 Si
397 3064 465 3103 vero
493 3048 528 3103 de
558 3046 722 3102 inordinatis
747 3046 888 3118 appetitus
911 3042 1035 3100 sensitivi
1058 3041 1180 3097 motibus

342 3134 499 3207 loquamur,
515 3139 547 3188 ut
563 3132 675 3206 quando
694 3131 755 3204 quis
773 3130 838 3202 plus
856 3126 963 3203 appetit¹
981 3128 1037 3184 cibi
1048 3133 1077 3184 et
1088 3134 1179 3198 potus,

342 3237 427 3294 qnam
452 3227 570 3276 naturae
587 3235 755 3290 congruum,
785 3217 897 3289 quando
918 3215 1032 3270 illicitae
1055 3213 1179 3269 libidinis

315 3376 318 3380 γ
342 3306 463 3364 flammis
479 3306 577 3372 uritur,
603 3305 715 3377 quando
734 3320 815 3360 sacra
834 3303 921 3360 fames
940 3300 1001 3358 auri
1020 3307 1049 3358 et
1067 3300 1179 3357 msatia·

340 3394 407 3450 bilis
427 3394 611 3467 pecuniarum
633 3408 710 3447 amor
733 3408 796 3446 eum
822 3396 941 3461 occupat
966 3398 1020 3446 etc.
1055 3381 1179 3460 Respon·
1732 3427 1737 3438 .

342 3482 454 3549 demus,
481 3479 531 3534 hos
556 3486 584 3535 et
599 3478 704 3533 similes
722 3478 863 3550 appetitus
882 3494 943 3533 esse
961 3476 1049 3532 malos
1069 3483 1097 3531 et
1115 3475 1179 3530 odio
1487 3469 1510 3530 0
1526 3468 1554 3529 Δ
1570 3469 1596 3530 P
1612 3470 1641 3530 Π
1660 3470 1684 3529 Τ
1712 3468 1760 3530 ῙῙ.

341 3566 410 3622 DEI
432 3565 546 3638 dignos,
571 3565 621 3621 sed
639 3580 787 3637 negamus,
814 3578 861 3618 eos
884 3579 918 3617 ex
936 3563 1066 3618 materiae
1086 3560 1179 3617 condi-

340 3641 523 3720 tionc'oriri,
547 3650 600 3706 hoc
629 3656 688 3721 nn,
713 3667 769 3706 non
795 3666 829 3705 εχ
852 3649 913 3720 ipsa
934 3648 1052 3704 hominis
1072 3654 1179 3719 natura,
1206 3622 1475 3689 IMAGINEM
1500 3623 1592 3689 DEI
1619 3625 1674 3691 IN
1702 3625 1904 3693 HOMINE
1931 3627 2038 3696 NON

341 3744 426 3811 prout
449 3755 467 3793 a
489 3737 551 3794 Deo
576 3737 687 3794 condita
710 3743 764 3807 est,
788 3736 838 3791 sed
862 3743 945 3808 prout
965 3752 1016 3807 per
1034 3741 1179 3807 peccatum
1284 3723 1474 3792 FUISSE
1508 3724 1692 3792 DONUM
1724 3727 1959 3808 ALIQUOD

343 3832 386 3881 est
404 3831 536 3896 corrupta
552 3823 687 3897 originem
705 3840 752 3879 eos
770 3820 880 3877 trabere
898 3821 1054 3878 assumus.
1393 3826 1859 3899 SUPERNATURALE·

268 3932 320 3962 sss
379 3917 421 3968 52.
446 3910 564 3965 Monstri
582 3910 671 3965 simile
688 3914 739 3978 est,
756 3908 832 3979 quod
850 3907 975 3979 disputat
993 3906 1179 3962 Bellarminus

257 3975 308 4065 zu·
343 3996 596 4068 concupiscentiam
609 3995 711 4051 malam
730 4002 758 4051 et
774 3995 838 4050 odio
854 3993 1053 4066 DEkdignam
1071 4010 1105 4048 ex
1124 4009 1180 4048 ma·
1241 4002 1282 4051 57.
1325 3995 1393 4051 Esto
1419 3996 1536 4068 proinde
1563 3996 1673 4053 firmum
1698 3998 1796 4068 fixum,
1827 4000 1901 4073 quod
1926 4001 2039 4074 justitia

257 4078 292 4168 ζ’.
343 4084 431 4140 teriae
449 4083 607 4138 conditione
624 4091 715 4137 ortum
733 4082 841 4136 ducere.
877 4079 906 4136 Si
919 4079 992 4134 enim
1003 4097 1037 4135 ex
1048 4080 1180 4136 materiae
1206 4081 1348 4155 originalis
1372 4082 1457 4138 fuerit
1478 4083 1587 4138 interna
1605 4090 1634 4139 st
1654 4095 1801 4142 concreata
1817 4088 1902 4142 totius
1920 4087 2039 4144 hominis

257 4187 269 4229 1.
283 4186 331 4231 aar.
345 4169 512 4239 conditione,
530 4170 559 4224 id
578 4174 628 4233 cst,
647 4186 680 4223 ex
697 4174 798 4223 natma
817 4167 943 4238 hominis,
960 4176 1043 4239 prout
1059 4167 1088 4222 in
1102 4168 1179 4240 puris
1205 4170 1354 4242 perfectio,
1381 4168 1429 4241 qui
1455 4169 1562 4241 absque
1587 4171 1645 4225 ulla
1671 4172 1771 4229 vitiosa
1796 4176 2038 4246 concupiscentiae
2059 4231 2062 4236 ,

257 4251 332 4341 ῗωζξ
345 4256 520 4312 naturalibus
542 4254 746 4325 consideratur,
772 4253 859 4308 oritur
881 4253 930 4308 illa
947 4254 1179 4325 concupiscentia,
1206 4256 1285 4324 labe,
1308 4255 1414 4326 absque
1433 4254 1492 4309 ulla
1510 4255 1691 4312 inclinatione
1707 4258 1744 4312 ad
1760 4259 1840 4324 vitia,
1857 4260 1962 4333 absque
1979 4261 2038 4316 ullo

258 4333 332 4393 m
345 4344 443 4416 utique
460 4360 516 4398 non
534 4342 586 4398 erit
603 4342 683 4410 mala,
700 4341 767 4413 quia
783 4358 800 4395 a
818 4338 896 4395 Ι)Εο
915 4348 958 4395 est
975 4347 1076 4395 natura
1092 4340 1179 4395 homi·
1205 4345 1339 4416 languore
1358 4340 1486 4397 conditus
1505 4340 1559 4396 fuit
1574 4359 1661 4413 purus
1678 4343 1787 4415 integer
1802 4341 1832 4401 et
1849 4352 1968 4402 sanctus.
2003 4345 2038 4402 ld

257 4419 270 4447 ¹·
344 4430 388 4485 nis
408 4428 534 4498 condita,
560 4428 608 4500 qui
625 4426 696 4481 vidit
719 4433 821 4482 cuncta
838 4442 911 4497 qnae
928 4425 1046 4496 iecerat,
1071 4434 1099 4482 et
1115 4443 1179 4483 ecce
1206 4430 1281 4503 quod
1307 4427 1391 4484 etiam
1418 4444 1452 4483 cx
1475 4427 1598 4499 reliquiis
1621 4428 1749 4501 imaginis
1772 4437 1801 4486 et
1824 4432 1949 4502 ejusdem
1971 4449 2036 4505 pro·

344 4524 424 4571 crant
441 4515 524 4570 valde
541 4514 622 4569 bona
647 4513 713 4584 Sap.
735 4518 774 4582 ll,
792 4528 820 4567 r.
839 4518 886 4568 25:
905 4514 986 4567 Deus
998 4513 1071 4567 nibil
1083 4530 1178 4568 corum
1205 4514 1357 4589 pagatione
1374 4513 1468 4586 colligi
1486 4518 1585 4584 potest

344 4604 419 4666 odit,
437 4618 509 4673 qrsac
517 4600 601 4668 jecit.
1077 4595 1079 4600 ’
1241 4608 1282 4659 58.
1320 4602 1397 4670 Opus
1416 4600 1486 4668 lepis
1503 4600 1637 4669 comptum
1650 4616 1709 4654 esse
1720 4601 1751 4654 ia
1762 4602 1895 4657 cordibus
1905 4603 2036 4673 pestium,
2050 4624 2168 4675 annun„

380 4692 422 4743 ⁵3.
444 4688 504 4744 Nec
521 4684 648 4758 procedit
666 4682 809 4755 effugium,
827 4686 1079 4755 concupiscent-ium
1097 4687 1179 4741 illam
1207 4688 1276 4743 dicit
1294 4684 1434 4757 apostolus
1452 4683 1530 4764 Rom.
1540 4689 1564 4751 2,
1576 4702 1601 4739 v.
1624 4692 1671 4755 ¹53
1690 4688 1765 4758 quod
1783 4688 1807 4741 si
1824 4688 1955 4762 reliquiae
1972 4689 2037 4745 illae
2050 4678 2157 4727 ΜΝ·

257 4768 261 4791 “
313 4764 319 4791 ²
345 4790 379 4828 cc
395 4761 532 4828 mutarim
550 4772 709 4827 conatione
727 4779 818 4824 orbam
836 4772 951 4842 ducas,
970 4780 995 4825 ct
1014 4781 1107 4827 tamea
1124 4792 1179 4827 son
1206 4772 1334 4844 imaginis
1356 4769 1437 4839 DEI,
1460 4770 1591 4825 videlicet
1612 4771 1740 4843 aliqualis
1763 4773 1832 4845 legis
1857 4774 1966 4828 divinae
1989 4791 2036 4829 no
2050 4729 2143 4830 3¹:¹33:

345 4878 405 4916 ma
422 4876 456 4913 cu
475 4860 574 4926 ΠΕΟ,
599 4860 651 4912 aad
668 4859 734 4911 odio
753 4857 835 4911 DEI
851 4859 975 4927 dignam.
1011 4859 1089 4926 Quae
1107 4860 1178 4915 euim
1205 4861 1282 4928 titia,
1307 4858 1335 4912 in
1360 4855 1490 4911 cordibus
1508 4858 1672 4912 naturaliter
1690 4857 1836 4929 inscripta,
1862 4861 1959 4932 utique
1975 4839 2137 4933 per-2⁸:2¹3

344 4966 379 5004 ex
407 4952 508 5001 natura
530 4963 581 5017 per
606 4961 636 5000 se
658 4945 799 5016 oriimtur,
823 4943 901 5000 DEO
929 4948 1034 5001 auctori
1062 4954 1177 5003 naturae
1206 4948 1279 5002 fecta
1301 4950 1330 5000 et
1350 4942 1460 5016 integra
1483 4942 1594 4997 divinae
1618 4942 1688 5015 legis
1712 4944 1812 4999 notitia
1834 4944 1889 4999 fnit
1904 4946 1934 5000 in
1951 4936 2094 5005 homi-‘¹¹¹‘

342 5033 501 5089 tribuenda
537 5031 658 5098 Quodsi
682 5048 749 5102 ergo
766 5030 849 5086 homo
867 5031 894 5085 in
912 5031 990 5102 puris
1008 5034 1179 5089 naturalibus
1205 5033 1287 5089 nibus
1317 5036 1383 5085 ants
1415 5031 1525 5102 lapsum
1554 5030 1697 5084 naturalis.
1742 5031 1860 5098 Quando
1889 5039 1978 5089 totum
2010 5044 2038 5094 et

344 5122 386 5176 ita
401 5119 531 5175 conditus
554 5124 607 5183 est,
632 5123 664 5172 ut
683 5134 718 5172 ex
739 5117 872 5174 materiae
888 5118 1046 5175 conditione
1063 5120 1181 5176 oriretur
1206 5125 1298 5192 partes
1330 5122 1396 5171 sunt
1423 5115 1608 5187 homogenea,
1640 5122 1707 5171 tunc
1737 5117 1833 5173 eadem
1865 5123 1907 5173 est
1938 5129 2038 5180 natura

345 5204 572 5277 concupiscentia
599 5203 648 5257 illa
677 5202 763 5270 mala,
792 5203 888 5276 utique
919 5204 1053 5276 optimum
1083 5206 1181 5278 optimi
1207 5205 1305 5268 totius,
1331 5220 1403 5275 quae
1427 5210 1468 5258 est
1488 5201 1583 5273 partis.
1617 5201 1778 5256 Absurdum
1802 5209 1857 5274 est,
1881 5203 2038 5265 hominibus

1519 3200 1725 3212 -—--.-.

344 5291 478 5348 mentoris
495 5308 564 5362 opus
581 5295 727 5345 accusatur
744 5294 773 5343 at
790 5289 967 5345 deformatur.
1206 5292 1290 5347 etiam
1328 5307 1384 5344 nou
1421 5289 1524 5344 renatis
1555 5288 1765 5360 supernaturale
1794 5290 1907 5362 aliquod
1935 5295 2039 5351 donum

295 5419 303 5430 .
380 5384 423 5434 54.
459 5376 518 5433 Nec
546 5374 671 5447 procedit
700 5372 848 5445 effugium,
878 5378 954 5445 qaod
981 5377 1097 5431 rebellio
1126 5378 1181 5432 sila
1206 5377 1336 5432 tribuere.
1886 5371 1892 5394 ¹

344 5464 442 5518 camis
469 5465 511 5517 ad
536 5463 667 5532 spiritam
691 5461 748 5514 siva
778 5462 856 5514 mula
878 5463 933 5516 illa
958 5465 1181 5532 concupiscentia
1242 5471 1283 5521 59.
1325 5462 1433 5518 Ibidem
1461 5460 1601 5532 apostolus
1629 5460 1741 5531 assedi,
1769 5465 1894 5532 pentibus
1919 5470 2037 5523 testimo·

344 5569 402 5605 noa
431 5568 465 5604 ca
490 5550 642 5603 imatione
670 5547 797 5601 auctoris
827 5555 961 5615 acturae,
989 5550 1042 5602 ssd
1064 5558 1182 5618 practer
1207 5552 1284 5605 uiam
1305 5551 1425 5603 reddare
1449 5546 1657 5610 carnotentium,
1685 5550 1900 5616 enodationibus
1923 5555 2038 5610 invicem

344 5638 409 5707 ejus
437 5636 617 5690 intentionem
638 5652 671 5689 cr
693 5634 827 5688 materias
851 5636 1010 5688 conditione
1037 5644 1181 5689 consecuta
1207 5653 1236 5689 ss
1262 5634 1470 5701 accusantium,
1494 5632 1537 5686 cel
1559 5632 1790 5700 (tamulantium
1813 5636 1878 5692 inde
1903 5638 1943 5695 sic
1963 5639 2038 5696 colli·

343 5725 398 5795 sit,
417 5723 471 5779 hoc
488 5723 563 5777 enim
580 5723 697 5794 derogat
716 5720 826 5775 divinae
842 5719 1070 5790 omnisapientiac
1087 5727 1116 5776 et
1133 5739 1181 5793 po·
1207 5719 1314 5794 gimus:
1341 5718 1528 5776 testimonium
1551 5715 1736 5774 conscientiae
1765 5721 1794 5775 in
1821 5721 1937 5777 ethnicis
1957 5739 2038 5779 accu-

343 5811 467 5882 tentiae,
496 5808 576 5886 quasi
603 5825 659 5864 non
674 5807 803 5883 potuerit
825 5803 927 5882 DEUS
945 5806 1017 5865 iuter
1035 5807 1181 5865 mnarum
1208 5825 1274 5866 sam
1296 5807 1342 5868 sal
1359 5803 1512 5864 defendens
1529 5803 1682 5860 eorundem
1705 5806 1782 5863 facta
1805 5825 1860 5876 non
1885 5814 1929 5865 est
1946 5809 1976 5865 in
1998 5810 2041 5882 eis

1670 5908 1711 5969 gc
