5017 6675
508 607 567 668 192
1082 642 1085 649 -
1110 626 1113 630 ·
1194 598 1319 658 Locus
1334 599 1505 657 DECIMUS

1874 692 1887 718 S

504 771 528 810 c.
553 760 586 820 3,
623 763 665 810 est
688 765 849 827 peecatum,
882 755 951 825 quia
974 756 1047 808 inest
1072 756 1120 810 illi
1149 755 1339 810 inobedientia
1365 757 1446 824 eujus
1480 754 1630 817 infirmitas
1665 750 1776 820 triplici
1804 751 1887 805 modo
1919 750 2044 819 subjacet
2074 748 2202 804 dominio

505 843 641 895 adversere
680 844 852 896 dominatum
880 842 993 907 mentis,·
1028 850 1055 895 et
1084 849 1124 895 eat
1153 859 1247 911 poena
1272 860 1338 912 peo-
1360 843 1493 912 peccati,·.
1511 842 1616 909 sactis,
1653 838 1747 905 dictis,
1782 837 2002 906 capitationibus.
2052 835 2138 908 Greg.
2171 835 2203 890 in

504 929 578 998 cati,
612 929 680 997 quia
710 929 826 982 reddita
857 935 897 980 est
925 929 1031 981 merum
1060 928 1284 997 inobedientiae,·
1313 935 1339 980 et
1367 937 1387 983 1.
1400 929 1470 1000 Reg.
1489 943 1512 980 c.
1528 932 1572 982 13:
1593 925 1751 993 Cogitanda
1768 924 1812 977 oct
1830 924 1969 993 loquendo
1994 925 2039 978 ccl
2054 924 2200 991 faciendo

504 1032 592 1068 eausa
626 1016 741 1084 peccati
773 1015 929 1081 defectione
966 1016 1161 1069 consentientia
1195 1016 1239 1069 vel
1275 1032 1338 1069 con·
1364 1011 1791 1084 omuepeceatumoommittitur.
1812 1009 1912 1067 Beruh.
1925 1010 1954 1065 iu
1968 1028 2045 1082 parv.
2058 1027 2141 1065 serm.
2156 1013 2200 1064 30.

504 1101 617 1169 tapione
642 1102 787 1154 nascentis.
833 1101 881 1155 Sic
900 1101 1041 1170 pleraque
1065 1110 1182 1171 peccata
1210 1102 1338 1155 actualia
1363 1103 1497 1157 cciiii:
1517 1102 1571 1153 Est
1591 1098 1920 1164 remearincordmn
1940 1114 1996 1161 ore,
2016 1099 2201 1166 incorpore:

426 1221 432 1227 -
505 1187 631 1258 [excepto
662 1188 750 1259 primo
776 1186 926 1259 primorum
951 1195 1097 1258 parentum
1121 1188 1245 1258 peccato]
1275 1196 1339 1240 suut
1362 1190 1394 1241 in
1412 1187 1510 1257 quibrm
1527 1187 1617 1239 tribus
1636 1186 1727 1238 modin
1741 1185 1930 1254 peccavimus,
1956 1184 2138 1252 capitatione,
2157 1183 2200 1236 lo·

499 1291 610 1343 poenae
633 1282 813 1342 peccatorum
841 1276 1069 1343 praecedentium
1096 1282 1122 1328 et
1148 1272 1271 1346 [excepto
1296 1273 1337 1327 ul·
1364 1276 1475 1328 cutione
1495 1281 1520 1326 et
1538 1289 1629 1340 opere.
1665 1272 1702 1324 In
1720 1273 1805 1325 corde
1821 1279 1885 1324 eunt
1905 1270 2048 1325 desideria
2066 1270 2200 1324 carnalia

489 1359 571 1424 ,timo
604 1360 738 1431 cujusque
778 1358 896 1414 hominis
923 1359 1047 1433 peccato]
1084 1377 1187 1414 causae
1225 1377 1337 1429 sequeu-
1364 1369 1389 1414 et
1412 1361 1576 1437 aemularis,
1593 1360 1626 1411 id
1650 1366 1702 1427 eat,
1725 1376 1805 1412 amor
1828 1359 1924 1413 carnis
1948 1365 1974 1410 et
2001 1375 2082 1411 amor
2103 1358 2199 1413 seculi.

504 1447 579 1512 dum,
597 1447 680 1499 miris
700 1446 784 1499 etiam
801 1455 883 1516 atque
902 1447 1012 1499 mnemia
1024 1447 1338 1516 modislomopeccans
1365 1447 1502 1502 Similiter
1526 1447 1556 1499 in
1580 1462 1628 1499 ore
1646 1452 1685 1498 eat
1700 1445 1810 1514 pomino
1827 1451 1962 1512 reticetur,
1987 1446 2155 1512 arrogantia
2173 1451 2200 1498 et

503 1531 613 1600 laqueis
633 1531 758 1586 &tanae
784 1533 827 1586 ita
850 1534 1001 1587 involvitur
1024 1541 1106 1602 atqcue
1130 1533 1338 1602 conrtrinpitur,
1363 1534 1517 1601 deropatio.
1564 1533 1635 1585 Item
1667 1532 1779 1600 pemina
1807 1532 1839 1584 in
1866 1547 2000 1600 corpore,
2025 1532 2142 1599 flapitia
2173 1538 2199 1584 et

501 1626 533 1670 ut
558 1635 590 1671 ec
606 1637 661 1672 uno
675 1627 794 1689 peccato
812 1621 842 1672 in
860 1621 945 1673 aliud
957 1620 1129 1688 prolabatur
1134 1641 1146 1688 ,·
1169 1619 1291 1690 August.
1309 1619 1338 1673 in
1356 1621 1505 1688 facinora,
1524 1620 1593 1673 haec
1612 1619 1707 1671 omnia
1724 1626 1788 1671 aaut
1806 1618 1900 1685 imapo
1918 1619 2017 1671 veteris
2035 1618 2161 1674 bominis.

501 1703 602 1759 Psalm
628 1710 674 1760 57:
711 1703 863 1758 Criniculic
889 1714 1064 1774 peccatorum
1087 1723 1201 1759 cuorum
1222 1705 1336 1774 quisque
1398 1712 1439 1761 33.
1475 1705 1597 1761 Peccata
1618 1704 1753 1760 exteriora
1770 1703 1972 1775 quodammodo
1991 1710 2198 1776 cognoscuntur
2213 1707 2256 1799 m

502 1790 716 1859 oomsrtnquur,·
735 1800 855 1861 peccata
876 1793 1040 1846 nouaclum
1061 1792 1173 1844 riuarla
1191 1798 1269 1860 runt,
1287 1792 1339 1843 aed
1364 1793 1447 1847 etiam
1470 1809 1488 1846 a
1504 1809 1560 1846 non
1577 1791 1692 1859 renatis,
1718 1807 1781 1844 cum
1808 1790 1970 1846 foeditatem
1998 1808 2077 1845 susm
2103 1792 2193 1862 ipsam
2212 1813 2256 1861 esp

502 1885 528 1930 et
545 1877 682 1958 criniculi.
719 1876 858 1932 Griniculi
873 1885 945 1947 eunt,
964 1879 1032 1946 quia
1043 1879 1120 1944 fiunt
1140 1878 1336 1946 intorquenda,
1364 1879 1539 1949 conspicuam
1567 1878 1701 1945 reddant3
1727 1878 1776 1933 sed
1805 1878 1936 1932 interiora
1963 1879 2053 1933 cordis
2079 1885 2197 1949 peccata

501 1964 553 2017 boc
571 1971 619 2026 est,
638 1966 715 2033 quod
726 1972 846 2033 peccota
855 1966 981 2034 peccatis
992 1966 1179 2019 connectebar.
1217 1964 1274 2017 Vae
1286 1963 1337 2032 liic,
1363 1973 1429 2021 sunt
1450 1984 1469 2020 a
1487 1964 1644 2036 cognitione
1662 1963 1782 2018 hominis
1799 1965 1921 2020 nondum
1939 1966 2028 2020 renati
2045 1972 2152 2020 remota
2169 1972 2198 2020 et

502 2051 554 2119 qui
590 2051 704 2103 nabunt
732 2059 852 2120 peccata
883 2068 937 2103 aua
971 2051 1043 2102 eicut
1081 2057 1181 2103 restem
1214 2050 1337 2118 laneam,
1363 2053 1537 2117 abscondita,
1567 2068 1619 2106 uec
1644 2051 1697 2105 nisi
1720 2051 1790 2122 legis
1818 2052 1928 2107 divium
1957 2052 2018 2107 luce
2049 2052 2199 2107 manifesta

503 2136 611 2189 Esaiae
627 2137 751 2205 clamat,·
775 2137 846 2206 quid
864 2136 917 2190 hoo
935 2136 1018 2188 atiud
1034 2143 1089 2202 est,
1115 2153 1199 2205 mmm
1216 2154 1268 2190 oce
1285 2135 1336 2203 Ιιιζπ,
1362 2138 1441 2194 fiunt.
1477 2140 1548 2196 Sunt
1567 2144 1659 2193 autem
1678 2137 1800 2209 duplicia
1817 2138 1948 2193 interiora
1961 2144 2092 2209 peccata;
2113 2155 2198 2209 quae·

503 2240 619 2292 mmmm
632 2241 732 2277 manus
746 2222 1115 2291 connectuntiniquitatemt
1132 2229 1183 2277 etc.
1208 2223 1336 2275 Primum
1364 2226 1426 2280 dum
1447 2232 1511 2280 sunt
1523 2225 1613 2279 carnis
1624 2224 1830 2296 suggestiones,
1848 2230 1881 2278 ut
1897 2241 1999 2295 pravae
2014 2226 2198 2297 cogitationes

499 2317 645 2379 peccatum
680 2310 813 2378 superbia
844 2317 901 2378 eet,
937 2310 1038 2362 ultima
1066 2325 1162 2378 poena
1194 2317 1234 2363 est
1264 2310 1337 2377 ipuie
1362 2330 1395 2367 ac
1414 2313 1495 2385 primi
1513 2312 1753 2382 concupiscentiae
1772 2319 1871 2381 motus,
1890 2313 1991 2384 quibus
2010 2312 2131 2368 nondum
2152 2329 2199 2365 ac-

504 2404 650 2464 aeternus,·
679 2397 752 2449 inter
781 2396 857 2449 illud
881 2396 1006 2465 primum
1032 2404 1179 2465 peceatum
1210 2404 1236 2450 et
1265 2397 1337 2449 lianc
1363 2400 1437 2454 cedit
1447 2398 1949 2470 consensusetdelectati03quaedam
1960 2415 2023 2454 vero
2034 2406 2099 2453 sunt
2108 2398 2199 2453 carnis

503 2483 630 2536 ultimam
648 2498 771 2552 poenam
793 2483 887 2536 media
912 2499 984 2552 prae
1002 2491 1080 2553 sunt,
1100 2491 1126 2536 et
1139 2491 1257 2553 peccata
1274 2491 1338 2536 suut
1364 2487 1573 2550 delectationes.
1605 2484 1717 2557 quando
1742 2501 1841 2555 pravos
1867 2484 1929 2539 illos
1956 2485 2199 2556 concupiscentiae

505 2578 531 2623 et
538 2587 633 2638 poena
643 2578 838 2639 peccatonemt
856 2578 913 2622 tam
926 2570 1015 2623 multa
1029 2571 1102 2624 enim
1114 2572 1182 2625 dicit
1193 2571 1338 2640 apostolia
1363 2578 1454 2626 motus
1469 2572 1602 2639 fovemus,
1621 2572 1715 2643 eisque
1739 2571 1921 2639 delectamur,
1947 2571 2015 2641 quin
2035 2577 2064 2625 et
2081 2570 2117 2626 de
2135 2587 2199 2641 per-

498 2657 569 2724 fieri
585 2656 620 2709 ab
635 2657 690 2721 eis,
710 2674 780 2727 puae
796 2664 916 2726 peccata
928 2665 992 2710 sunt
1005 2658 1190 2727 delectabilia,
1208 2665 1339 2711 ettamen
1364 2658 1488 2713 ficiendis
1504 2658 1559 2712 illis
1576 2658 1667 2713 curuis
1687 2657 1830 2714 desideriis
1848 2656 2010 2729 cogitamus.
2033 2656 2199 2712 Posterioris

500 2759 611 2812 poenas
630 2759 678 2796 eas
696 2744 767 2797 dicit
778 2751 829 2800 etc.
854 2742 1018 2815 Greginc.
1036 2749 1059 2799 1.
1075 2742 1174 2798 Erech.
1187 2742 1280 2798 homil.
1295 2750 1338 2797 11:
1365 2745 1473 2817 generis
1502 2744 1683 2816 cogitationes
1714 2760 1775 2799 esse
1807 2750 1937 2815 peccata,
1974 2743 2071 2799 itidem
2103 2744 2199 2814 aliquo

504 2831 664 2896 Peccatum,
682 2833 760 2901 quod
771 2847 828 2901 per
841 2830 1140 2903 poenrtmtiamcitius
1151 2847 1208 2883 non
1219 2831 1339 2899 deletur,
1365 2831 1446 2886 modo
1474 2831 1617 2902 cognoscit
1642 2830 1729 2897 ratio,·
1756 2830 1805 2886 sed
1832 2829 1929 2901 prioris
1957 2830 2068 2900 generis
2093 2831 2199 2902 cogita·

505 2925 554 2970 aut
567 2924 714 2987 peccatum
733 2924 772 2970 ert
789 2924 815 2970 et
833 2934 920 2970 cama
933 2918 1058 2986 peccati,
1086 2926 1135 2970 aut
1147 2925 1295 2986 peccatum
1314 2924 1340 2970 et
1365 2917 1465 2987 tiones,
1491 2917 1517 2971 h.
1543 2934 1565 2973 e.
1586 2917 1675 2971 carnis
1695 2917 1888 2989 suggestiones
1905 2923 2021 2988 peccata
2040 2933 2114 2982 esse,
2141 2935 2199 2972 uon

501 3021 596 3076 poena
609 3004 735 3074 peccati,
754 3011 804 3057 aret
817 3011 964 3074 peccatum
979 3004 1063 3057 simiel
1075 3011 1197 3057 etenum
1210 3013 1236 3058 et
1242 3021 1337 3073 poena
1365 3003 1418 3057 nisi
1435 3004 1505 3075 legis
1521 3003 1632 3059 divinae
1649 3003 1711 3059 luce
1730 3009 1758 3058 et
1775 3003 1894 3074 Spiritus
1911 3003 1999 3056 sancti
2017 3002 2199 3076 mediatione

501 3090 621 3160 peccati.
644 3089 716 3146 Vide
728 3088 878 3146 Lcmbnrd.
892 3095 916 3145 2.
934 3095 1004 3146 sent.
1018 3088 1139 3144 distinct.
1150 3095 1191 3146 36.
1205 3107 1256 3160 per
1269 3095 1319 3145 tot.
1365 3091 1493 3162 cognosci
1510 3096 1616 3160 potest3
1635 3090 1805 3146 excutiemus
1822 3088 1909 3162 igitur
1924 3089 1960 3143 ds
1971 3089 2010 3144 eis
2022 3091 2199 3160 quaestiones

539 3182 580 3232 31.
621 3175 713 3240 Medi,
738 3175 840 3248 quibus
861 3182 1008 3247 peccatum
1025 3193 1111 3230 unum
1132 3182 1174 3231 cst
1199 3191 1284 3231 causa
1309 3182 1339 3232 st
1364 3156 1446 3242 dues:
1471 3177 1573 3248 primo,
1601 3193 1638 3231 an
1662 3176 1799 3232 desideria
1822 3176 1872 3230 illa
1890 3175 1980 3230 camis
1999 3174 2036 3228 ad
2053 3175 2199 3246 originale,

504 3279 595 3333 poena
615 3262 737 3333 alterius,
757 3279 775 3316 a
790 3261 826 3316 D.
845 3261 1003 3318 Chemnicio
1021 3268 1200 3318 numerantur
1219 3268 1337 3335 quatuor
1364 3280 1399 3319 an
1418 3279 1483 3318 vero
1500 3264 1537 3318 ad
1554 3263 1674 3318 actualia
1690 3269 1806 3333 peccata
1822 3263 1878 3317 sint
1895 3261 2058 3317 referenda?
2085 3261 2198 3316 Deinde

504 3356 585 3422 parte
598 3356 620 3406 1.
632 3349 769 3406 Iocorum
780 3368 845 3423 pag.
855 3357 918 3407 636:
936 3352 1044 3417 Primo,
1062 3360 1092 3404 ut
1103 3369 1190 3405 causa
1202 3353 1336 3420 efficiens,
1363 3368 1399 3405 an
1422 3351 1479 3405 sint
1502 3367 1566 3406 vere
1584 3358 1612 3406 ct
1628 3351 1738 3422 proprie
1757 3350 1832 3405 dicta
1850 3354 1967 3421 peccata
1984 3349 2148 3420 praesertim
2166 3349 2196 3403 in

501 3455 556 3509 per
577 3439 709 3492 accimus
733 3439 853 3506 scilicet,
879 3440 993 3508 meando
1016 3438 1134 3508 effundit
1150 3440 1248 3507 idem,
1271 3441 1338 3507 p'ra-
1362 3437 1484 3494 renatis?

503 3526 574 3579 tiam
598 3532 625 3580 et
644 3524 783 3595 Spiritum
805 3532 937 3580 sanctum.
961 3525 1337 3602 ἱ2.111σππειιἀπ’προππππ,
1398 3530 1438 3580 34.
1483 3523 1606 3578 Priorem
1635 3522 1824 3595 quaestionem
1855 3528 1985 3578 accurate
2011 3521 2132 3594 explicat
2158 3521 2195 3576 D.
2210 3516 2246 3557 ³²

504 3612 573 3683 quia
596 3620 676 3666 adua
699 3613 792 3666 malus
814 3611 950 3681 relinquit
968 3611 1181 3681 dispositionem
1198 3612 1336 3667 inclinan-
1366 3610 1540 3667 Chemnicius
1566 3628 1592 3681 ρ.
1612 3615 1635 3665 2.
1661 3610 1711 3665 loc.
1735 3626 1757 3663 c.
1777 3615 1800 3665 8.
1826 3609 1927 3667 memb.
1947 3614 1971 3664 3.
1989 3616 2018 3664 et
2035 3615 2058 3665 4.
2083 3626 2111 3680 ρ.
2132 3614 2197 3665 63οε
2210 3575 2256 3661 ἕῖπια

503 3706 557 3753 tem
580 3701 623 3753 ad
643 3698 749 3752 similes
778 3698 909 3754 actiones.
951 3701 978 3751 3.
1001 3698 1037 3753 Ut
1058 3717 1144 3753 causa
1170 3702 1335 3770 materialis,
1364 3700 1528 3753 observetur
1546 3696 1658 3769 (inquit)
1677 3697 1860 3764 capitationee
1880 3697 2036 3766 aliquando
2055 3697 2199 3766 pertinere
2210 3673 2256 3765 22¹¹

503 3786 576 3839 eiciet
598 3785 666 3854 pula
691 3794 731 3839 eat
753 3787 874 3839 materia
899 3785 1041 3851 lutariae,
1066 3787 1185 3841 ebrietas
1210 3785 1337 3849 ἀσωτίας.
1364 3786 1404 3838 ad
1413 3792 1558 3855 peccatum
1571 3783 1761 3851 oripiuole,ut
1776 3801 1837 3837 cum
1851 3791 1957 3836 tantum
1970 3784 2197 3851 auntcuppeatio-
2211 3776 2256 3869 :fu

505 3875 529 3929 4,
561 3872 595 3925 Ut
622 3888 708 3926 cauea
727 3873 846 3941 finalia,
873 3880 904 3925 ut
929 3890 989 3925 crim
1015 3874 1078 3943 quis
1104 3876 1146 3928 od
1171 3874 1336 3943 expleudum
1364 3890 1420 3936 uer,
1438 3871 1595 3939 aliquando
1614 3871 1655 3923 ad
1668 3877 1815 3939 peccatum
1828 3869 1945 3939 actuale,
1966 3871 2078 3938 wando
2092 3869 2199 3922 scilicet
2213 3885 2256 3919 esa

503 3958 657 4011 vindictam
675 3958 817 4013 committit
837 3959 1025 4016 homicidium.
1044 3959 1117 4016 Vide
1130 3960 1201 4032 disp.
1214 3960 1337 4032 superio·
1363 3959 1521 4027 sipuificant
1539 3956 1764 4012 deliberationem
1782 3973 1831 4009 seu
1844 3957 2030 4026 propositum,
2048 3964 2079 4009 ut
2099 3962 2122 4011 1.
2135 3954 2198 4010 Cor.
2211 3933 2256 3971 ‘¹¹¹‘

504 4059 563 4098 rem
581 4044 616 4100 de
631 4044 811 4100 Providentia
829 4041 856 4119 ξ.
880 4050 937 4100 140.
1367 4051 1410 4112 13,
1430 4063 1455 4098 v.
1475 4052 1505 4099 5:
1527 4044 1633 4096 caritas
1653 4061 1709 4096 non
1732 4043 1837 4113 copitat
1852 4043 1957 4097 malum
1974 4043 2057 4111 (nam
2077 4061 2095 4096 a
2113 4043 2199 4096 malm

542 4129 547 4135 ’
1364 4131 1577 4199 capitationibus
1594 4129 1773 4196 oripiualiter
1792 4129 1931 4198 lopeendo
1950 4147 2006 4182 non
2024 4136 2064 4183 est
2081 4129 2197 4198 libera).

712 4236 715 4242 ’
818 4265 1026 4273 --.
1363 4214 2198 4288 Joh.11,v.53:aspiraveruntinteficeret‘trirtanetc.

1366 4303 1597 4372 Concupiscentia
1628 4310 1667 4356 eat
1687 4310 1832 4372 peccatum
1863 4302 2016 4372 oripinale,
2040 4303 2078 4370 fit
2105 4310 2199 4356 autem

1359 4398 1505 4460 peccatum
1539 4390 1650 4443 aduale
1684 4389 1765 4457 jueta
1796 4388 1975 4458 Scripturam
2010 4388 2062 4442 boo
2097 4391 2200 4444 modo:

417 4485 491 4530 mu
781 4480 979 4543 onum
1019 4480 1059 4542 x.
1364 4475 1467 4531 coloss.
1495 4482 1524 4545 3,
1555 4494 1580 4530 v.
1612 4482 1642 4531 5:
1678 4476 1769 4529 civem
1798 4475 1828 4528 in
1859 4476 2083 4545 concupiscentia
2112 4476 2198 4530 mala.

1363 4564 1442 4620 Rom.
1462 4569 1485 4633 6,
1504 4580 1529 4617 v.
1555 4569 1599 4619 12:
1630 4564 1742 4616 obedire
1760 4562 1918 4617 desideriis.
1950 4567 1973 4618 2.
1992 4561 2064 4616 Tim.
2083 4567 2108 4631 3,
2128 4580 2155 4617 v.
2169 4569 2200 4618 6:

508 4615 572 4681 DE
591 4617 848 4688 PECOATIS
869 4619 1251 4689 INTERIORIBUS
1274 4620 1336 4686 ΕΤ
1364 4650 1472 4719 apitari
1499 4650 1589 4703 uariis
1618 4649 1777 4702 desideriis.
1805 4666 1833 4720 p.
1862 4653 1925 4705 6³³2
1957 4648 2033 4711 Quia
2056 4649 2200 4719 oripinale

502 4720 913 4809 EXTERIORIBUS;
931 4724 1078 4810 ,ΙΤΕΜ
1112 4726 1178 4792 DE
1214 4723 1336 4791 ΡΕΟ·
1358 4745 1506 4810 peecatum
1535 4736 1667 4803 definitur
1691 4736 1816 4789 carentia
1836 4735 1969 4804 justitiae
1995 4734 2147 4803 oripinalis
2172 4741 2201 4786 et

602 4822 758 4891 OATIS
790 4824 991 4913 CORDIS,
1024 4825 1142 4895 ORIS
1175 4828 1238 4893 ET
1362 4842 1452 4894 provo
1486 4823 1582 4876 uacuo
1609 4823 1667 4876 ⁸5⁰0
1691 4822 1792 4875 eutoso
1820 4821 2001 4875 inclinatam
2023 4821 2125 4873 virium
2151 4819 2200 4873 no-

824 4929 1011 4997 OPERIS
1363 4913 1447 4966 minis
1470 4912 1511 4965 ad
1527 4911 1646 4976 malum,
1670 4908 1822 4962 rectissime
1837 4916 1929 4978 potest
1951 4909 1993 4961 ita
2012 4908 2092 4961 tradi
2109 4914 2138 4961 et
2155 4906 2200 4959 in·

1013 4980 1021 4995 ’
1363 4998 1456 5067 tellipi
1469 4997 1537 5052 iaec
1553 4996 1723 5067 differentia,
1741 4997 1818 5064 meod
1833 4995 2089 5064 quicquidpraeter
2099 5011 2203 5048 caren-

375 5100 452 5191 pnss·
539 5083 580 5136 32.
605 5081 737 5147 Quintam
762 5087 791 5136 et
816 5088 921 5137 sextam
946 5081 1108 5138 divisionem
1129 5084 1336 5154 conjungemus.
1364 5086 1433 5137 tiam
1461 5084 1542 5138 illam
1566 5091 1591 5138 et
1610 5084 1734 5137 habitum
1759 5082 1940 5136 inclinantem
1964 5089 2004 5135 ert
2028 5082 2058 5134 in
2079 5082 2202 5150 bomine,

376 5155 490 5243 fflssff'
505 5163 649 5229 Quaedam
666 5173 782 5238 peccata
801 5176 866 5223 suut
882 5168 1021 5240 interiora,
1039 5170 1337 5243 quaedamexteriora3
1365 5173 1441 5239 quod
1466 5178 1594 5240 erumpat
1620 5170 1650 5223 in
1678 5177 1770 5223 actum
1793 5169 1918 5237 aliquem
1942 5175 2115 5237 prenomen
2138 5186 2205 5223 aem

375 5256 469 5301 urion.
504 5252 640 5323 quaedam
655 5261 720 5309 sunt
738 5261 854 5325 peccata
870 5256 961 5311 cordis
979 5255 1049 5330 [ipsa
1068 5257 1173 5312 scilicet
1189 5252 1338 5328 interioral,
1366 5259 1425 5324 lcqe
1443 5258 1503 5310 Dei
1509 5297 1515 5321 ,
1540 5258 1598 5310 rios
1616 5257 1672 5326 fiat
1689 5256 1741 5309 lroc
1758 5263 1837 5309 actus
1855 5264 1881 5308 et
1899 5254 1993 5324 operis
2010 5254 2099 5309 debs'ti
2116 5256 2206 5309 omis-

374 5307 489 5400 passm
502 5337 640 5407 quaedam
654 5340 716 5410 oris,
730 5341 867 5412 quaedam
879 5342 969 5412 operis
980 5340 1059 5415 [puta
1069 5339 1227 5414 exteriora13
1240 5341 1337 5397 Matth.
1365 5344 1441 5397 sione
1460 5344 1518 5398 cive
1535 5351 1613 5397 actas
1631 5350 1656 5396 et
1675 5343 1768 5412 operis
1787 5341 1903 5396 indebiti
1920 5340 2128 5411 communione,
2154 5359 2206 5395 uo-

374 5412 443 5452 ‘¹⁰¹⁸·
504 5429 1444 5499 15‚r.19:Encoreeammcoqtemtonesmotaomontci·,catur
1467 5430 1576 5484 acutule
1598 5437 1753 5498 peccatum.
1793 5429 1905 5483 Veteres
1930 5428 2047 5482 uadunt
2070 5427 2122 5481 bos
2135 5444 2207 5499 pec·

502 5512 562 5577 dea,
581 5512 732 5581 adulter-ia,
747 5515 960 5584 fornicationes,
972 5517 1062 5581 furta,
1073 5506 1425 5588 salsatestimonia,ioatr'
1448 5518 1571 5585 prades.-
1601 5521 1622 5571 1.
1645 5518 1737 5581 fomes
1764 5515 1820 5569 sioe
1846 5513 2013 5583 depravatio
2040 5513 2209 5583 induereris,

504 5597 702 5668 blasphemiae.
727 5595 848 5670 August.
865 5600 895 5657 in
910 5601 1042 5657 enchirid.
1056 5601 1093 5657 ad
1106 5601 1237 5657 Iaurent.
1252 5619 1276 5657 c.
1290 5601 1435 5690 itemquae
1462 5603 1656 5671 complectitur
1685 5604 1770 5656 etiam
1799 5602 1925 5664 defectus
1955 5605 1981 5655 2.
2009 5601 2209 5669 suppestiones

501 5685 627 5740 Peccata
655 5686 748 5740 actim
781 5690 879 5757 corde,
914 5705 975 5757 ore,
1001 5705 1093 5760 opere
1121 5689 1337 5744 committuntur.
1364 5691 1562 5757 capitationurn
1586 5696 1612 5742 et
1634 5690 1795 5759 affectumn,
1819 5687 1837 5741 i
1861 5704 1884 5743 e.
1902 5688 2015 5756 amuda
2032 5688 2210 5757 depravatio

412 5783 488 5829 Mt
502 5772 668 5829 Iactantius
690 5771 738 5828 lib.
763 5777 788 5827 d.
801 5774 900 5830 'Instit
924 5786 951 5831 c.
968 5781 1014 5831 1³:
1035 5777 1125 5832 Nemo
1148 5774 1208 5829 siue
1234 5774 1336 5829 delicto
1364 5774 1512 5844 oripinalia
1523 5782 1610 5829 mouet
1624 5773 1975 5844 sealipuainelinatione5
1992 5773 2211 5849 adouacrio,-

502 5867 679 5933 παροίσω,
694 5860 830 5931 monde
845 5862 1007 5918 indumento
1024 5864 1119 5920 παππία
1138 5868 1272 5919 oneratus
1287 5870 1337 5934 est,
1363 5867 1388 5920 4.
1405 5877 1570 5932 eonem,-
1585 5860 1716 5931 t.ipeum
1735 5876 1813 5931 opus.
1841 5863 1888 5916 Er
1908 5859 2213 5935 inmadmaprtms·
