5017 6675
1983 482 2036 535 ἧς.

926 560 979 616 nn
997 554 1180 614 reconna
1202 556 1454 616 sccunnmus.
1984 540 2049 621 iit

341 715 379 768 at
397 715 491 783 hosts,
514 714 671 784 aliquando
690 731 708 767 a
726 730 823 768 carris,
854 716 930 768 Nam
948 723 974 768 ιι
991 714 1121 771 diabolas
1139 713 1180 766 in·
1209 719 1372 783 sequuntur,
1395 713 1492 785 utique
1515 729 1582 785 ergo
1601 718 1644 768 est
1660 715 1813 783 peccatum.
1847 708 1962 781 Excipit
1977 708 2045 767 Bel·

341 802 495 856 natatum
517 804 595 855 mala
619 803 753 871 supparis,
781 811 807 856 st
830 820 862 857 ea
885 803 981 856 earnm
1004 803 1182 870 corruptione
1208 798 1355 863 ιιιιιιίιιιιι,
1387 801 1638 869 concupiscentiam
1668 800 1735 853 odio
1757 797 1858 852 lateri
1882 815 1900 849 a
1925 799 1990 850 Deo
2018 804 2045 850 et

342 890 491 942 mloritur
507 897 597 942 mones
614 889 732 942 illicitus
749 897 775 942 sl
794 889 922 942 titillatio
935 907 1040 958 praua,
1066 889 1183 957 ideoque
1209 894 1302 939 tamen
1319 904 1375 941 aon
1392 904 1452 941 esse
1464 895 1625 956 paccatum,
1643 888 1696 940 sed
1716 894 1825 940 tantum
1843 884 1956 938 malum.
1992 882 2048 936 Re·

343 975 478 1042 tsntatio,
504 992 576 1044 quae
598 991 631 1027 aa
652 992 737 1028 caras
760 983 813 1043 est,
837 993 893 1028 non
909 977 945 1042 fit
967 976 1028 1028 sine
1048 982 1183 1044 peccato,·
1210 973 1391 1043 spondemus:
1421 973 1607 1045 quodcunque
1638 972 1741 1026 malum
1767 971 1846 1027 Deus
1874 971 1946 1040 odit,
1978 968 2047 1023 illud
2062 968 2135 1012 Μ·

344 1079 419 1129 quos
436 1070 529 1114 aulem
547 1070 588 1114 est
605 1062 745 1128 annosa,
761 1062 820 1115 nisi
838 1063 1038 1130 consentiatur,
1057 1080 1112 1116 non
1135 1061 1183 1113 lra-
1212 1066 1254 1114 est
1278 1060 1380 1113 melum
1400 1061 1512 1131 culpae3
1540 1061 1614 1114 mala
1634 1060 1706 1114 enim
1724 1075 1830 1129 poenae
1849 1056 2049 1128 infligunturu
2153 1101 2157 1111 .

346 1149 390 1199 het
411 1158 576 1218 peceatum.
611 1151 663 1202 sed
680 1158 719 1202 est
736 1150 855 1203 materia
874 1151 1045 1203 exercendae
1062 1148 1182 1201 uirtutis.
1212 1145 1297 1215 DEO,
1317 1147 1453 1218 quomodo
1472 1147 1557 1218 igitur
1577 1162 1612 1201 ea
1624 1147 1700 1200 Deus
1718 1145 1828 1200 oderit?
1847 1145 1922 1199 male
1934 1158 2049 1214 poenae,
2128 1134 2131 1139 ¹

346 1232 393 1289 lib.
420 1240 444 1290 ³.
473 1235 536 1303 dist
563 1241 601 1290 ll.
625 1227 666 1290 lit.
688 1234 736 1288 a:
762 1236 792 1288 in
814 1235 924 1288 Uiriato
949 1253 1017 1288 caro
1042 1254 1097 1288 non
1123 1253 1185 1288 con·
1213 1239 1350 1304 quatenus
1368 1232 1444 1301 talia,
1465 1251 1520 1287 non
1535 1233 1739 1289 debentrenuti
1752 1232 1850 1300 odisse,
1870 1231 1919 1286 scd
1931 1229 2049 1301 patienti

346 1321 507 1390 eripies-ebat
535 1330 635 1376 eontra
670 1321 819 1391 Spiritum,
855 1324 914 1391 qui,
950 1330 980 1374 at
1011 1323 1186 1390 Aupustinus
1213 1319 1303 1374 animo
1333 1320 1474 1389 suscipere
1504 1336 1536 1373 ιι
1566 1319 1701 1390 perferre3
1734 1320 1808 1373 udde
1840 1319 1914 1390 quod
1945 1318 2049 1372 Bellor-

347 1408 399 1475 oit,
416 1409 580 1462 nonnullum
598 1417 639 1462 est
653 1411 759 1479 setun,
777 1429 840 1463 cum
858 1428 925 1463 caro
947 1406 1118 1478 concupiscit
1136 1410 1186 1462 ad·
1214 1406 1304 1460 minus
1329 1407 1447 1461 concilio
1466 1406 1628 1460 Tridentino
1652 1406 1838 1474 contradicat,
1856 1405 1931 1476 quod
1952 1403 2051 1459 statuit

346 1512 444 1548 uermes
474 1496 614 1564 spaitum.
646 1494 693 1550 lib.
719 1496 778 1551 eod.
803 1496 866 1551 dist.
895 1501 934 1551 ta.
956 1496 997 1550 lit.
1024 1495 1069 1550 (ιι
1095 1497 1187 1548 adhue
1214 1493 1304 1547 Deum
1333 1493 1402 1547 nihil
1429 1494 1458 1547 in
1489 1495 1592 1548 renatis
1622 1494 1721 1549 odisse.
1770 1493 1846 1563 Ergo
1872 1508 1924 1547 nec
1950 1508 2050 1546 concu-

348 1590 542 1651 exspectamus
554 1583 751 1636 redemtionem
764 1583 901 1652 corporis,
910 1584 1064 1635 secuudum
1077 1583 1187 1635 animas
1214 1578 1349 1647 piscenas
1373 1580 1402 1633 in
1428 1580 1531 1635 renatis
1556 1580 1621 1634 odio
1646 1579 1764 1634 habetur
1785 1564 1889 1633 aDeo.
1925 1576 2049 1648 Respon-

346 1684 413 1721 nsro
430 1669 497 1737 jam
521 1670 640 1721 redemti
662 1687 757 1722 sumus
780 1685 813 1721 ιι
825 1677 921 1737 porte,
948 1687 1004 1722 non
1019 1686 1052 1721 ea
1070 1676 1141 1736 tola,
1168 1687 1185 1720 a
1214 1663 1262 1719 det
1304 1666 1501 1730 Bellarminus,
1548 1666 1696 1720 corseilium
1740 1665 1953 1734 intellipanclum
1991 1681 2049 1719 esse

344 1754 451 1823 eulpa,
481 1773 538 1809 nou
569 1773 589 1808 a
610 1772 718 1824 poena,
749 1772 799 1807 nec
826 1756 937 1808 omnino
959 1773 976 1806 a
1002 1755 1102 1824 culpa;
1131 1773 1187 1808 non
1215 1753 1250 1805 dc
1280 1754 1361 1820 odio,
1389 1755 1466 1822 quod
1491 1754 1630 1806 redundet
1656 1754 1686 1806 in
1708 1770 1879 1820 personam
1900 1752 1966 1820 jam
1983 1769 2048 1805 uero

349 1842 423 1892 enirn
448 1842 492 1894 sic
515 1842 551 1893 ad
575 1858 609 1895 ea
629 1842 748 1895 redemti
764 1859 872 1904 marus,
896 1848 926 1892 at
945 1841 1068 1908 nonsit,
1090 1843 1187 1894 ιιιιιιι
1212 1847 1330 1906 propter
1348 1839 1608 1908 concupiscentiam,
1633 1856 1705 1907 quae
1724 1839 1811 1891 estin
1827 1839 1946 1906 renatis,
1970 1839 2049 1891 Deus

348 1945 404 1978 non
424 1928 593 1982 dominetur.
1214 1943 1269 1979 non
1288 1925 1378 1978 odit
1365 1942 1442 1993 ipsos
1459 1933 1592 1994 renatos,
1616 1925 1691 1996 quod
1708 1923 1860 1979 rectissime
1878 1924 1989 1994 quidem
2008 1923 2048 1978 di-

257 2023 330 2062 nosa
384 2018 424 2067 lt.
460 2012 665 2082 Dispiciamus,
692 2013 759 2083 quid
784 2013 820 2067 ιιι
845 2012 966 2067 rationes
993 2029 1025 2068 ex
1044 2011 1189 2083 Scriptura
1214 2008 1301 2077 citur,
1327 2011 1376 2065 sed
1401 2028 1456 2065 nan
1477 2017 1519 2066 ιιι
1536 2011 1688 2065 sentcntiae
1707 2011 1817 2064 concilii
1835 2009 1989 2081 conforme,
2015 2026 2049 2066 ιι

257 2075 334 2165 xiii„
349 2117 400 2170 pro
425 2106 522 2154 ιιοιιιι
546 2098 683 2154 sententia
706 2099 841 2154 deductas
866 2099 1051 2154 Bellarminus
1075 2117 1186 2170 respon·
1214 2097 1286 2150 enim
1318 2096 1398 2151 nobis
1427 2097 1555 2168 opposita
1591 2103 1633 2151 est
1671 2114 1704 2151 ae
1732 2103 1856 2151 ιιοιιιιιιι
1883 2097 2048 2152 sententiam

257 2187 321 2268 ξπ
323 2240 335 2268 e
348 2187 428 2240 dent·
462 2193 486 2239 1.
513 2195 601 2240 motus
627 2187 866 2255 concupiscentiae
893 2188 978 2239 etiam
1004 2186 1189 2240 involuntarii
1214 2181 1388 2237 anathemate
1405 2184 1547 2253 percellit,
1566 2200 1622 2255 qua
1639 2190 1694 2237 ιιιι
1683 2183 1794 2246 suimus.
1816 2183 1845 2237 in
1861 2169 1965 2239 tenutis
1983 2199 2048 2238 vere

257 2281 323 2320 uun·
347 2282 411 2326 sunt
438 2272 551 2341 illiciti,·
575 2274 669 2341 msqsre
695 2289 760 2340 erpo
785 2282 811 2325 et
832 2281 958 2342 peccata.
994 2273 1105 2343 Excipit
1124 2275 1186 2327 Bel·
1213 2274 1242 2323 ιι
1263 2270 1375 2339 proprie
1394 2270 1500 2324 dictum
1519 2277 1665 2339 peccatum
1685 2268 1824 2339 habitare,
1852 2271 1917 2325 licet
1936 2276 2048 2326 renatos

257 2341 277 2372 ἰ
347 2359 495 2429 luminas,
521 2376 580 2414 sese
598 2360 721 2428 illicitos,
742 2361 810 2430 qaia
828 2379 885 2414 non
902 2361 987 2414 liesca
1006 2361 1046 2414 eis
1065 2362 1186 2429 obedire,
1214 2371 1269 2408 non
1290 2355 1377 2433 faciat
1398 2361 1463 2410 actu
1491 2372 1552 2410 reos
1577 2363 1605 2410 et
1630 2356 1781 2410 damnatos.
1816 2355 1892 2428 Ergo
1919 2361 1968 2410 aut
1987 2355 2046 2410 Bel·

347 2465 402 2499 non
420 2447 490 2516 quia
507 2464 563 2499 non
581 2447 665 2500 liceat
678 2465 725 2500 eos
742 2448 827 2501 invito
846 2449 939 2500 animo
953 2449 1026 2516 pati.
1062 2447 1185 2517 Respon-
1211 2442 1344 2495 larminus
1361 2443 1526 2498 sententiam
1544 2444 1655 2498 concilii
1668 2462 1723 2499 non
1736 2444 1901 2516 assequitur,
1920 2450 1969 2498 aut
1983 2461 2047 2500 con·

347 2533 458 2587 demus:
477 2539 596 2604 unoque
614 2534 694 2588 modo
713 2542 778 2588 sunt
790 2535 889 2598 illiciti,
907 2552 962 2589 non
975 2535 1063 2588 solum
1078 2536 1185 2588 ratione
1211 2526 1304 2581 cilium
1331 2546 1387 2583 non
1412 2529 1568 2600 assequitur
1594 2537 1723 2585 nostiam.
1770 2539 1793 2586 5.
1817 2529 2047 2601 Concupiscentia

347 2635 513 2685 consensus,
533 2621 684 2675 sedetiam
703 2622 731 2674 in
750 2627 954 2692 seetperse,
975 2621 1121 2693 quiulege
1143 2620 1184 2673 di·
1210 2630 1265 2667 11011
1295 2623 1337 2668 cst
1366 2631 1383 2668 ι
1407 2615 1476 2697 Deo.
1515 2615 1602 2686 Atqui
1634 2615 1721 2670 omnis
1747 2632 1837 2686 poena
1866 2624 1907 2672 est
1932 2633 1949 2670 ι
1974 2617 2044 2673 Deo.

346 2706 411 2760 rina
436 2706 627 2777 prohibentur,
672 2707 828 2779 Utrumque
855 2709 899 2763 lex
925 2709 1006 2763 dicit:
1032 2708 1095 2764 Non
1120 2725 1183 2762 con·
1209 2700 1284 2770 Ergo
1310 2701 1535 2771 concupiscentia
1558 2719 1613 2756 non
1637 2702 1726 2756 solum
1745 2709 1788 2756 est
1808 2703 1910 2757 malum
1930 2720 2044 2774 poenae,

346 2793 494 2863 cupiscas,
530 2801 557 2849 ot
584 2801 648 2864 post
680 2795 916 2864 concupiscentius
945 2800 1008 2848 tuuc
1040 2811 1097 2848 nou
1128 2811 1182 2850 cus,
1209 2786 1258 2841 sed
1282 2792 1310 2840 et
1331 2788 1435 2857 eulpae.
1470 2788 1582 2859 Excipit
1599 2788 1798 2855 Bellarminus,
1822 2792 1906 2844 etiam
1931 2801 2045 2846 moriem

344 2879 528 2950 Exemplum,
546 2881 621 2951 quod
639 2881 824 2937 Bellarmiuuu
843 2880 925 2935 affort
942 2880 977 2934 dc
997 2896 1042 2944 eo,
1066 2880 1115 2948 qai
1127 2897 1182 2950 por
1208 2891 1264 2927 non
1294 2891 1354 2928 esse
1384 2892 1403 2927 a
1435 2876 1506 2929 Deo.
1555 2874 1784 2946 Respondemus:
1819 2877 1897 2931 Deus
1930 2878 2043 2949 quidem

344 2969 401 3020 vim
422 2968 468 3020 ael
490 2967 682 3036 ipnorantiam
705 2967 909 3036 turpitudinem
932 2967 1088 3035 committit,
1118 2966 1182 3021 alie·
1209 2965 1323 3015 mortem
1346 2979 1402 3015 1²01}
1427 2960 1496 3017 fecit
1520 2962 1584 3032 sap.
1611 2970 1639 3027 l,
1664 2980 1689 3020 V·
1712 2969 1756 3032 ¹3,
1779 2962 1809 3019 id
1834 2969 1891 3033 est,
1915 2963 2043 3019 absoluto

344 3071 413 3106 num
437 3059 496 3121 eut,
521 3054 587 3125 quia
612 3055 703 3108 curnis
730 3053 972 3122 concupiscentiae
989 3052 1054 3108 licut
1071 3053 1181 3124 spiritui
1209 3045 1302 3117 aliquo
1330 3049 1394 3102 odio
1421 3048 1559 3104 hominem
1587 3050 1668 3104 morti
1695 3067 1750 3105 non
1776 3050 1908 3121 subjecit3
1935 3051 2045 3106 interim

343 3139 493 3208 molestae,
520 3140 595 3194 cami
622 3149 715 3195 tamen
737 3148 834 3211 gratus
856 3145 934 3207 sunt,
957 3139 1069 3210 etquid
1086 3139 1122 3193 de
1141 3138 1181 3192 in·
1208 3140 1300 3188 umen
1324 3143 1437 3205 propter
1456 3143 1603 3206 peccatum
1619 3137 1696 3208 justo
1716 3153 1766 3191 suo
1780 3137 1888 3207 judicio
1906 3137 2044 3193 hominem

344 3225 510 3279 voluntariis
537 3226 695 3282 actualibus
717 3226 825 3281 delictis
851 3226 1028 3280 statuendum
1053 3226 1103 3294 uit,
1132 3240 1182 3279 uuo
1207 3219 1275 3275 fecit
1298 3222 1379 3276 morti
1403 3229 1432 3277 et
1456 3223 1541 3277 variis
1564 3210 1771 3279 calamitatibus
1795 3224 1951 3281 obnoxium.
1987 3226 2045 3280 Au·

344 3311 504 3382 expositum
528 3313 641 3368 dabitur
668 3313 735 3368 loco.
782 3318 806 3368 ι.
825 3311 1057 3382 Concupiscentia
1080 3327 1131 3383 per
1153 3330 1183 3369 se
1207 3307 1335 3379 gustinm
1357 3315 1379 3366 1.
1400 3308 1612 3365 contralulinn.
1632 3328 1655 3365 c.
1670 3316 1700 3366 7:
1720 3321 1836 3366 mortem
1848 3312 1929 3366 Deus
1949 3311 2044 3367 intulit

342 3399 433 3454 trahit
450 3400 487 3454 ud
507 3399 619 3455 malum.
648 3400 724 3471 Ergo
742 3399 903 3469 prohibetur
913 3417 969 3454 uon
980 3399 1079 3466 minus,
1099 3417 1182 3471 quum
1207 3413 1263 3448 uon
1282 3404 1313 3448 ιιι
1325 3396 1438 3465 primus
1455 3404 1561 3466 auctor,
1579 3398 1631 3450 ted
1647 3406 1678 3452 ut
1693 3400 1807 3468 peccati
1822 3399 1906 3454 ultor.
1941 3398 2045 3470 Dispar

342 3485 438 3556 ipsum
457 3486 568 3539 malum.
603 3485 715 3555 Excipit
729 3481 929 3555 Bellarminus,
959 3487 1050 3555 ipsum
1077 3487 1181 3539 malum
1207 3482 1292 3552 igitur
1315 3483 1360 3536 hic
1386 3490 1429 3538 ιιι
1453 3483 1533 3538 ιιιιο.
1568 3483 1643 3539 Μοιι
1666 3492 1708 3540 ιιι
1731 3490 1839 3540 tantum
1858 3502 1965 3556 poena,
1988 3503 2044 3541 non

343 3592 403 3626 non
417 3574 565 3642 prohiberi
577 3573 705 3643 proprie,
722 3574 782 3627 nisi
797 3581 931 3642 ᾳιιιιιιιιιιι
950 3582 990 3626 ιιι
1007 3593 1036 3627 nn
1044 3583 1182 3643 potestate
1207 3575 1301 3623 sutem
1325 3569 1424 3640 culpa,
1453 3571 1502 3624 sed
1530 3587 1617 3644 prava
1641 3572 1865 3643 concupiscentia
1894 3580 1935 3627 est
1962 3572 2044 3629 simul

343 3669 446 3713 nostra
476 3660 553 3713 illud
583 3661 751 3713 committere
782 3660 826 3713 ael
853 3678 966 3724 cavare,
999 3678 1066 3727 erpo
1094 3662 1182 3715 ιιιιιιιο
1207 3672 1297 3726 poena
1316 3661 1344 3710 et
1361 3656 1453 3727 culpa,
1472 3656 1587 3727 perinde
1601 3665 1632 3711 ut
1644 3659 1780 3728 quaedam
1795 3640 2044 3730 peccateectualia

343 3747 439 3815 anapia
462 3748 714 3816 concupiscentiam
738 3765 793 3801 non
819 3748 904 3801 aliter
927 3749 1083 3816 prohiberi
1128 3747 1181 3804 Rc
1208 3742 1482 3812 simulsuntpoenae
1496 3744 1719 3814 praecedentium
1733 3744 1903 3800 delictorum
1924 3745 2044 3803 sauna

343 3832 531 3903 spondemus:
556 3832 608 3886 hac
625 3833 732 3887 ratione
751 3822 843 3887 omnia
861 3841 992 3903 peccatu,
1009 3833 1182 3889 infirmitates
1207 3845 1298 3898 poena
1313 3829 1397 3900 hujus
1413 3828 1487 3884 vitae
1504 3837 1559 3899 est,
1576 3847 1651 3901 quae
1671 3830 1706 3884 cb
1725 3830 1807 3886 finem
1829 3832 1931 3888 bonum
1951 3833 2043 3905 expeti

344 3929 377 3975 et
399 3919 572 3990 ignorantiae
594 3918 737 3988 tollentur,
763 3935 834 3990 quae
858 3936 956 3974 cavere
974 3920 1003 3973 in
1020 3920 1072 3975 hac
1091 3920 1182 3975 carnis
1207 3931 1263 3970 non
1280 3917 1384 3986 possit3
1403 3921 1433 3970 at
1450 3917 1673 3987 concupiscentia
1691 3917 1727 3972 ob
1747 3918 1854 3973 nullum
1872 3919 1955 3975 finem
1968 3927 2042 3995 rapte

343 4005 499 4077 fragilitate
521 4021 577 4060 nou
599 4022 759 4074 pessumum
784 4005 889 4060 suflicit
907 4024 956 4060 nos
977 4007 1006 4060 in
1025 4007 1114 4077 primo
1132 4008 1180 4062 ho·
1207 4001 1299 4072 expeti
1325 4008 1424 4074 potest.
1460 4003 1645 4059 Bellarminus
1662 4005 1781 4076 excipit,
1807 4008 1891 4061 etiam
1909 4010 2042 4078 ipnoran·

343 4091 422 4146 mine
442 4092 515 4146 vires
533 4091 596 4145 illus
614 4091 683 4147 tnliu
699 4091 816 4148 cavendi
827 4093 892 4146 olim
905 4093 1054 4162 accepisse.
1090 4099 1113 4148 3.
1127 4093 1181 4158 Qui
1206 4089 1275 4142 tiam
1296 4107 1390 4144 rerum
1408 4094 1632 4147 necmsariarum
1648 4094 1690 4147 ad
1707 4094 1825 4147 salutem
1842 4097 2042 4151 ostentationes

344 4177 459 4249 cogenti
482 4176 628 4248 cupiditati
651 4195 706 4233 non
730 4187 822 4248 potest
847 4178 975 4233 resistere
992 4184 1020 4233 ιι
1037 4179 1100 4234 ideo
1117 4196 1179 4250 pec·
1207 4176 1333 4231 Salonas
1355 4194 1413 4232 csse
1429 4181 1541 4248 peccati
1556 4198 1670 4249 poenas,
1690 4199 1762 4251 quoe
1780 4189 1872 4235 tamen
1884 4185 1976 4252 expeti
1986 4200 2041 4238 non

343 4272 403 4332 cat,
421 4263 597 4319 nihilominus
615 4281 679 4319 rere
697 4271 725 4319 ιι
742 4265 853 4335 proprie
869 4271 975 4335 peccat.
1002 4266 1078 4337 Ergo
1096 4267 1179 4321 etiam
1205 4263 1312 4319 debunt.
1362 4264 1585 4336 Respondemus:
1622 4284 1671 4321 nos
1702 4267 1754 4321 hoc
1786 4274 1949 4339 argumento
1984 4286 2040 4323 non

343 4351 371 4407 is
393 4358 501 4422 peccat,
529 4350 577 4421 qui
600 4350 704 4405 inritus
722 4351 813 4406 curnis
830 4351 1068 4422 concupiscentias
1086 4355 1178 4409 sentit.
1205 4348 1322 4419 utimur,
1351 4351 1397 4405 cui
1426 4361 1519 4407 ιιιιιιι
1536 4354 1576 4407 itu
1601 4353 1750 4424 respondet
1776 4352 1976 4424 Bellarminus,
2007 4360 2039 4412 ut

343 4436 457 4508 Excipit
486 4436 683 4507 Bellarminus,
719 4447 808 4491 motus
843 4438 1047 4493 involuntariae
1082 4457 1179 4495 coneu-
1205 4441 1327 4490 nostram
1353 4439 1515 4494 sententiam
1543 4438 1694 4496 confirmet.
1731 4438 1760 4495 Si
1786 4440 1858 4495 enim
1881 4440 2040 4513 ignorantia

341 4522 499 4595 piscantias
519 4524 699 4579 nullomodo
717 4540 776 4578 esse
795 4524 824 4576 in
843 4532 941 4577 nostro
955 4532 1107 4593 potestate,
1130 4530 1182 4583 sed
1204 4538 1295 4577 rerum
1318 4526 1535 4579 necessariarum
1560 4527 1595 4580 ad
1625 4525 1742 4581 salutem
1767 4534 1795 4582 ιι
1813 4528 2039 4599 concupiscentia

345 4611 520 4666 desiderium
544 4611 658 4681 peccati
686 4611 874 4665 uoluntarium
902 4628 961 4665 esse
990 4612 1020 4665 in
1043 4620 1180 4682 potestate
1205 4627 1292 4679 prava
1309 4612 1371 4681 pari
1383 4611 1444 4666 loco
1455 4611 1602 4667 habendae
1613 4618 1686 4682 sunt,
1705 4612 1801 4685 utique
1814 4615 2040 4686 concupiscentia

343 4707 456 4771 namra,
478 4699 507 4754 si
528 4699 780 4764 aestimentiam,
805 4700 920 4768 quando
943 4700 1052 4752 scilicm
1068 4700 1179 4767 judicio
1205 4698 1257 4751 erit
1280 4697 1361 4751 simul
1385 4705 1529 4767 peccatum
1554 4703 1581 4753 et
1607 4714 1698 4768 poena
1717 4698 1799 4770 primi
1818 4702 1939 4772 peccati,
1965 4701 2039 4757 absit

343 4785 442 4841 divino
467 4786 574 4840 ιιιιιιιι·
597 4803 653 4839 non
678 4786 809 4839 labemus
833 4787 922 4850 uires,
951 4786 1049 4854 quibua
1072 4788 1181 4853 copenti
1204 4783 1276 4836 enim
1294 4789 1327 4836 ut
1344 4780 1554 4838 dicamusillam
1568 4784 1667 4839 mentis
1679 4785 1841 4841 caecitatem
1854 4804 1909 4859 per
1918 4788 2037 4859 primum

342 4872 498 4941 cupiditati
513 4873 644 4925 redolere
660 4873 817 4935 ιαιιαιιιιιι,
843 4879 935 4924 tamen
952 4872 1086 4940 mediate,
1110 4874 1179 4941 quia
1203 4868 1283 4923 Adae
1306 4874 1453 4939 peccatum
1479 4869 1509 4923 in
1534 4876 1658 4941 posteros
1686 4871 1873 4930 introductam
1897 4891 1953 4929 non
1978 4890 2038 4932 esse

336 4976 491 5029 mosomus
514 4977 532 5012 a
551 4960 614 5012 Deo
639 4958 776 5012 aracillum
793 4957 903 5025 oratioe
915 4965 1019 5028 petere.
1054 4957 1178 5028 Respon-
1202 4962 1355 5025 peceatum.
1387 4955 1473 5011 Porro
1491 4956 1564 5012 inter
1584 4958 1750 5014 tentationes
1764 4958 1884 5015 Samnae
1901 4968 1930 5016 et
1948 4963 2038 5019 carnis

342 5044 457 5099 ιιιιιιιιιτ
495 5044 644 5115 utrobique
675 5050 718 5098 est
747 5061 798 5113 par
826 5043 903 5098 ratio.
939 5042 1387 5107 Quemadmodumrdifferentiam
1419 5059 1479 5098 esse
1509 5044 1630 5099 ostendit
1659 5044 1832 5101 Lambardus
1862 5051 1886 5101 t.
1917 5054 2036 5105 sentent.
2132 5067 2135 5077 ·

342 5128 422 5186 Deus
444 5132 521 5201 justo
545 5129 652 5201 jtidicio
677 5129 801 5184 homines
827 5129 1037 5200 impoenitentes
1066 5117 1263 5186 indurat¹dist
1284 5134 1324 5185 21.
1345 5129 1385 5185 lit.
1404 5128 1437 5183 Ε.
1476 5136 1498 5187 7.
1515 5130 1640 5185 Christus
1658 5130 1687 5185 in
1706 5132 1926 5188 omuibusnobis
1941 5134 2037 5191 similis

342 5226 371 5272 et
390 5224 527 5285 ιιιιιιιι,
545 5223 577 5271 ιιι
593 5216 755 5270 voluntariis
772 5215 879 5286 peccati
896 5215 1039 5270 desideriis
1050 5218 1177 5273 ιιιιιιιιι
1187 5206 1291 5271 iactus
1308 5216 1413 5287 absque
1432 5224 1557 5286 peccato.
1593 5216 1672 5271 Idem
1690 5223 1781 5273 tamen
1795 5219 2036 5293 concupiscentiae

338 5322 399 5362 non
422 5303 543 5374 possint,
571 5319 643 5373 quae
667 5309 759 5356 tamen
783 5302 960 5357 nihilomiuus
985 5320 1050 5357 vere
1070 5309 1098 5357 et
1114 5320 1189 5403 prc-
1201 5318 1303 5373 pravae
1336 5320 1391 5358 non
1426 5302 1480 5358 fuit
1510 5303 1651 5359 obnoxius.
1705 5303 1818 5375 Excipit
1846 5306 2037 5380 Bellarminus,

341 5390 402 5460 prie
428 5397 494 5445 sunt
523 5395 651 5458 peccata3
681 5388 721 5441 ita
752 5405 861 5458 quoque
891 5394 1004 5459 propter
1030 5400 1189 5460 peccatum
1187 5369 1284 5443 'etiam
1321 5390 1510 5459 ipnorantiam
1548 5390 1670 5443 noluisse
1709 5389 1849 5447 Christum
1890 5407 2072 5465 assumeres

341 5477 491 5546 primorum
518 5482 664 5545 parentum
687 5476 764 5544 justo
786 5473 840 5527 Dei
862 5472 1002 5543 judicio
993 5490 1022 5529 ιιι
1048 5469 1273 5546 miseramlquae
1301 5484 1391 5529 tamen
1419 5495 1472 5531 nan
1500 5477 1536 5528 sit
1561 5484 1718 5545 peccatam,
1744 5480 1771 5532 si
1796 5480 1834 5533 sit
1857 5482 1969 5536 omnino
1992 5484 2033 5536 in·

341 5562 416 5617 illam
443 5560 577 5634 peccandi
594 5562 784 5616 necessitatem
803 5560 966 5627 incidimus,
988 5568 1020 5614 ut
1040 5578 1096 5615 non
1113 5579 1188 5631 pos·
1186 5543 1368 5619 iroluntarsa.
1416 5562 1639 5660 Respondemus:
1669 5580 1772 5636 ergone
1800 5566 1958 5638 ignorantia
1985 5568 2033 5623 illa

342 5649 425 5705 simus
455 5666 511 5704 non
543 5648 645 5704 sentire
672 5665 773 5718 pravos
803 5647 1044 5718 concupiscentiae
1073 5635 1188 5718 motus,
1198 5668 1248 5722 per
1267 5650 1387 5721 primum
1404 5655 1549 5720 peccatum
1569 5648 1596 5702 in
1617 5666 1711 5705 omnes
1731 5658 1854 5722 posteros
1874 5653 2033 5711 introducta

341 5737 388 5808 qni
425 5735 604 5791 nihilominus
641 5741 706 5789 sunt
740 5751 803 5789 vere
838 5740 866 5787 et
902 5733 1012 5804 proprie
1048 5733 1343 5850 peccatespeccatum
1362 5734 1503 5791 nouerit?
1522 5734 1596 5807 quod
1615 5735 1701 5807 igitur
1717 5737 1760 5793 vel
1778 5740 1861 5810 quale
1880 5739 1931 5794 ιιιι
1949 5740 2033 5812 origi

341 5829 365 5881 t.
377 5821 637 5893 Concupiscentiam
656 5837 770 5891 pravam
783 5819 860 5875 Deus
877 5826 906 5875 et
922 5820 1010 5875 renati
1030 5820 1094 5874 odio
1112 5839 1172 5892 pro·
1185 5806 1262 5877 inste
1289 5829 1434 5895 peceatum
1458 5821 1486 5874 in
1512 5817 1685 5875 infantibus?
1710 5822 1833 5880 Observa
1860 5832 1952 5879 autem
1972 5844 2034 5882 ner·

1648 5926 1703 5983 w
