5017 6675
1038 452 1463 544 summasunmna.
2031 504 2094 560 Μ

390 639 530 709 volumus,
550 642 592 695 ad
610 642 683 695 bona
695 640 815 711 pietatis
832 658 920 714 opera
938 642 1012 697 nibil
1030 642 1164 698 sobnas.
1192 640 1234 695 Id.
1263 658 1347 711 opere
1363 660 1414 695 euo
1430 651 1562 714 reparat,
1587 646 1666 715 meod
1689 644 1719 698 in
1734 652 1840 700 natura
1852 647 1954 716 periit,
1978 666 2035 701 non
2051 664 2094 701 re-

393 726 430 782 de
448 732 521 798 grat
539 724 569 781 'et
585 725 633 781 lib.
652 726 709 783 arb.
729 744 753 781 c.
775 734 816 785 17.
1260 729 1384 783 stituitur
1403 730 1460 784 nisi
1477 731 1512 783 ab
1531 739 1645 786 auctore
1663 739 1790 787 amictae.
1824 731 1912 787 Ibida
1939 733 2015 787 Fide
2027 750 2093 804 per·

302 811 373 905 {2¹¹⁰
430 819 473 869 4³.
508 812 697 869 Tribushisce
710 822 936 886 argumentorum
951 813 1087 869 classibus
1102 813 1233 868 addenda
1260 814 1331 879 duo,
1351 833 1401 884 spe
1417 817 1533 887 relicta,
1557 818 1743 887 intellipentia
1761 820 1924 901 obcaecatq,
1952 819 2094 875 voluntate

301 923 364 957 nm-
395 900 479 956 etiam
497 906 599 970 quarta
617 901 762 956 continens
780 917 814 955 ca
833 900 994 971 Scripturas
1013 900 1098 969 dieta,
1126 899 1154 953 in
1173 898 1231 970 qui·
1259 903 1379 971 captiua,
1392 903 1472 958 bomo
1485 905 1556 957 inea
1570 906 1645 958 aride
1660 914 1818 975 reparetur,
1831 905 2007 960 noninuenit.
2026 904 2092 961 Hie·

301 978 381 1062 ἷξηᾟ
394 987 447 1043 bns
472 986 549 1040 lucta
572 985 663 1041 carnis
688 992 716 1042 et
736 986 855 1057 Spiritus
881 986 909 1040 in
928 986 1031 1041 renatis
1056 984 1228 1041 describitur.
1257 1003 1364 1059 ronynr.
1381 989 1615 1047 inc.16.Prov.:
1638 991 2093 1060 ericrmquetribuitsibibonum,

302 1072 362 1115 Μ·
397 1073 426 1130 Si
444 1072 516 1128 enim
540 1072 569 1126 in
591 1071 660 1142 ipsis
683 1073 788 1128 renatis
811 1090 879 1127 caro
903 1080 1042 1142 repupuat
1062 1071 1185 1141 Spiritui
1203 1075 1231 1125 et
1260 1075 1338 1142 arrad
1352 1075 1435 1143 saci,
1452 1076 1563 1131 mmai
1578 1077 1650 1131 nuit
1666 1079 1777 1132 videmur
1794 1078 1867 1132 mali
1883 1078 2009 1131 manebus
2028 1094 2092 1148 ope·

396 1158 529 1215 hostiliter
545 1175 609 1212 cum
626 1159 687 1230 ipso
704 1158 883 1228 colluctatur,
907 1155 970 1213 Gal.
990 1165 1020 1227 5,
1038 1175 1063 1212 v.
1086 1165 1126 1227 u,
1143 1157 1168 1211 si
1184 1158 1230 1212 lea
1258 1161 1337 1230 rari,
1354 1151 1424 1229 'iam
1448 1164 1545 1217 corales
1563 1164 1749 1219 innocentiam
1769 1164 1914 1234 perdidit,
1941 1165 1972 1218 in
1989 1181 2043 1235 quo
2062 1180 2092 1218 se

398 1248 579 1302 membrorum
597 1255 736 1317 repupnat
757 1247 815 1315 lepi
830 1247 943 1316 mentis,
962 1246 1041 1301 Rom.
1062 1252 1085 1315 7,
1102 1263 1126 1298 v.
1147 1250 1188 1313 23,
1206 1244 1229 1299 si
1257 1247 1394 1315 laepitori
1409 1248 1543 1303 bonorum
1556 1251 1703 1319 praetulit.
1719 1250 1840 1322 August.
1860 1251 1894 1306 do
1910 1255 1981 1322 grat
1998 1256 2027 1307 et
2042 1248 2092 1308 lib.

397 1341 516 1389 vetustas
536 1332 628 1387 carnis
645 1333 796 1388 novitatem
815 1332 933 1404 Spiritus
950 1332 980 1387 in
1001 1331 1132 1403 operibus
1149 1329 1229 1385 bonis
1258 1333 1338 1389 arbit.
1359 1350 1384 1388 c.
1406 1340 1451 1389 15:
1479 1334 1595 1406 Seniper
1618 1337 1648 1390 in
1670 1337 1749 1391 nobes
1773 1338 1903 1391 relicatas
1928 1344 1967 1391 eet
1992 1337 2091 1405 libera,

398 1419 518 1476 resudat
536 1424 621 1491 atquc
639 1420 769 1490 impedit,
796 1426 901 1493 quanto
923 1419 1014 1491 magis
1038 1419 1067 1472 in
1089 1418 1149 1488 ipsa
1167 1434 1230 1472 con·
1257 1421 1310 1472 ecel
1326 1436 1383 1472 non
1403 1436 1513 1490 semper
1535 1422 1606 1475 bona
1625 1428 1676 1478 ets.
1713 1423 1773 1475 Per
1794 1423 1916 1491 pralium
1938 1430 2031 1477 aedem
2045 1424 2091 1490 fit,

399 1506 520 1562 versione
538 1505 591 1560 hoc
609 1504 650 1574 fit,
675 1522 707 1560 ac
728 1506 844 1576 proinde
862 1523 913 1561 nec
931 1505 1051 1577 gratiam
1068 1503 1229 1576 praevenire
1258 1512 1288 1557 ut
1304 1505 1342 1558 sit
1360 1506 1442 1560 bomo
1461 1506 1549 1562 bonae
1566 1508 1731 1577 voluntatis,
1758 1509 1808 1577 qui
1819 1509 1903 1578 prins
1917 1508 1977 1573 fuit
1994 1508 2091 1562 nolum

398 1610 445 1648 nec
462 1592 585 1647 oblatam
603 1599 747 1663 acceptare
765 1592 822 1647 suis
840 1591 887 1647 lib.
906 1591 1015 1647 arbitrii
1027 1590 1132 1646 viribus
1148 1588 1229 1645 homo
1257 1590 1324 1643 tatis
1340 1594 1443 1650 malae.
1479 1593 1523 1648 Do
1544 1595 1667 1667 dogmat.
1684 1594 1780 1650 eccles.
1800 1612 1823 1649 c.
1842 1600 1870 1649 6:
1899 1596 2029 1649 ilatiores
2051 1596 2090 1649 oi·

399 1679 517 1735 nondum
542 1685 656 1734 renatus
682 1678 793 1749 poterit.
817 1677 900 1733 Luth.
930 1678 959 1731 in
986 1684 1081 1733 assmt
1109 1683 1160 1730 art
1187 1681 1228 1732 36.
1255 1676 1352 1747 vimus,
1370 1680 1398 1732 si
1413 1687 1498 1735 totum
1517 1684 1580 1735 Deo
1598 1684 1713 1752 damin,
1739 1701 1794 1737 nou
1812 1689 1910 1751 aretem,
1930 1682 1957 1735 ei
1973 1700 2025 1736 nos
2043 1682 2092 1737 illi

400 1773 457 1820 tom.
478 1770 503 1821 2.
524 1762 588 1819 Lat.
607 1763 626 1821 f.
646 1769 711 1819 312:
740 1765 837 1818 Etiam
855 1765 934 1834 justi
953 1783 1055 1833 mapno
1079 1764 1228 1818 certamine
1257 1779 1289 1816 ee
1312 1773 1400 1832 parte
1417 1774 1443 1821 et
1464 1768 1543 1821 nobis
1562 1784 1595 1821 en
1609 1776 1694 1838 parte
1712 1769 1913 1824 committimus.
1948 1766 2091 1839 Chrysost

401 1860 491 1905 eontra
517 1868 599 1904 niara
622 1868 734 1905 carnem
759 1850 903 1920 laborant,
929 1858 960 1904 ut
977 1852 1096 1918 sociam
1122 1851 1228 1917 bonum,
1258 1849 1351 1908 homil.
1369 1852 1404 1907 de
1423 1853 1515 1908 Adam
1532 1859 1561 1909 et
1578 1855 1651 1909 Eva:
1679 1857 1726 1909 Ea
1749 1856 1827 1909 onem
1851 1857 1913 1909 irae
1928 1855 2004 1921 facit
2020 1855 2129 1909 oaeal·
2143 1852 2190 1897 ¹¹⁷·

399 1936 549 2006 resistitpue
567 1938 607 1991 eie
625 1937 742 1990 liberum
761 1954 856 1991 eorum
874 1938 1060 1991 arbitriumet
1072 1936 1228 2006 pascentia
1258 1938 1484 2007 misericordiae,
1508 1942 1584 2008 quod
1605 1943 1678 1994 adeo
1701 1949 1787 1995 totum
1810 1942 1903 1995 disini
1919 1942 2013 2010 operis
2032 1957 2091 1996 esee

400 2024 488 2077 carnis
504 2025 620 2077 sanantis
635 2024 740 2077 uiribus
757 2025 954 2093 concupiscens
968 2032 1067 2078 eontra
1081 2022 1229 2092 Spiritum,
1256 2023 1388 2092 sentitur,
1420 2033 1450 2078 ut
1471 2026 1539 2079 baec
1563 2028 1698 2096 efficienti
1719 2027 1808 2081 DEO
1833 2027 1992 2096 matianum
2016 2028 2091 2082 actio

400 2109 460 2163 odio
478 2109 581 2163 babcns
600 2126 646 2180 ea,
666 2126 737 2178 miae
754 2116 817 2163 sunt
836 2108 961 2179 spirtus
979 2116 1004 2163 et
1022 2108 1092 2177 lepis
1111 2109 1179 2176 Dei,
1203 2116 1229 2162 et
1257 2126 1366 2178 seraper
1390 2118 1416 2163 et
1436 2111 1534 2165 laudis
1554 2113 1694 2179 confessio
1714 2129 1773 2181 pro
1796 2112 1898 2166 talium
1919 2114 2091 2167 correctione

400 2197 532 2265 quarrada
554 2195 691 2264 possibile
712 2205 765 2264 est,
790 2203 821 2248 ut
844 2195 905 2248 sine
933 2194 1044 2263 Spiritu
1069 2212 1102 2249 ea
1123 2203 1227 2248 natura
1255 2196 2091 2268 referaturinPs.118:Qrsiestisboni,aesiuuatesllud

399 2301 444 2335 nm
460 2282 552 2351 possit
565 2298 623 2350 pro
643 2281 753 2351 Spiritu
771 2281 983 2351 concupiscere,
1007 2284 1059 2335 sed
1077 2282 1118 2335 ad
1136 2280 1228 2351 Spiri·
1256 2282 1331 2335 dono
1347 2283 1407 2334 Dei
1423 2290 1449 2335 et
1473 2268 1562 2337 nolite
1587 2283 1665 2337 uobis
1689 2301 1829 2338 assumere
1857 2285 1934 2355 penei
1956 2287 2091 2339 donatum

400 2376 451 2421 tum
479 2385 509 2421 se
524 2384 706 2436 praeparare
721 2368 860 2432 faciendo
879 2369 956 2436 quod
975 2368 1005 2421 in
1032 2384 1061 2421 se
1090 2368 1150 2420 est!
1192 2366 1228 2419 In
1257 2374 1297 2419 est
1312 2367 1405 2436 vobis,
1431 2384 1466 2421 ne
1482 2369 1615 2437 perdatis
1634 2372 1714 2439 arcad
1729 2370 1851 2438 habais,
1876 2378 1902 2424 et
1921 2372 1999 2424 dicat
2014 2370 2092 2424 uobis

398 2454 489 2523 pratia
509 2455 575 2506 dum
594 2454 692 2518 suerit,
712 2461 818 2507 tratura
833 2454 896 2523 ejus
914 2454 981 2507 tales
1000 2461 1056 2519 est,
1080 2461 1110 2505 ut
1130 2460 1228 2506 contra
1255 2453 1367 2519 sema,
1385 2453 1456 2522 quid
1471 2454 1587 2523 bebetis,
1606 2458 1685 2524 quod
1702 2474 1757 2510 non
1775 2456 1932 2526 accepistis,
1950 2456 1978 2509 in
1997 2455 2092 2509 Actor.

398 2541 515 2608 pralium
535 2538 834 2607 indomitumpupnct,
862 2547 887 2593 et
913 2547 992 2592 estro
1015 2538 1137 2606 oratiam
1161 2538 1228 2591 talis
1256 2537 1348 2592 homil.
1368 2544 1414 2595 30:
1435 2539 1518 2594 Nibil
1536 2549 1661 2595 nostr-rem
1681 2558 1740 2596 sese
1752 2550 1896 2613 putamen,
1917 2541 2091 2612 waddoni-

398 2644 451 2679 esse
466 2626 572 2696 poterit
590 2633 695 2678 natura
714 2625 789 2693 ejus,
810 2633 841 2678 ut
860 2626 999 2694 Spiritum
1016 2625 1118 2693 juvet!
1155 2623 1230 2685 Quid
1256 2626 1319 2677 siem
1337 2632 1363 2678 ct
1380 2626 1446 2694 epea
1455 2628 1533 2693 ficies
1548 2645 1605 2681 non
1622 2636 1664 2681 est
1677 2636 1802 2682 nostrum
1816 2647 1893 2698 opus,
1910 2630 1987 2698 quod
1999 2635 2090 2681 autem

398 2712 522 2765 insanius
539 2711 609 2779 finpi
620 2713 734 2780 potest!
759 2720 829 2765 esset
849 2711 922 2764 enim
939 2711 990 2765 boe
1010 2718 1161 2764 monstrum
1181 2728 1229 2764 no·
1255 2728 1311 2764 non
1328 2710 1365 2764 sit
1382 2716 1586 2780 nostrum,sed
1594 2715 1661 2783 Dei,
1679 2714 1751 2767 aurii
1767 2715 1928 2784 apostolum
1946 2715 2091 2782 dicentem,
2126 2716 2133 2724 '

397 2815 455 2850 cum
473 2796 565 2851 simile
584 2797 664 2865 baie,
686 2797 793 2865 siquis
815 2797 981 2851 indomitam
995 2799 1091 2863 feram
1110 2796 1229 2850 uinculis
1256 2798 1340 2851 etiam
1357 2797 1409 2853 boe
1426 2816 1483 2852 non
1502 2817 1534 2852 en
1551 2800 1636 2868 cobis,
1654 2802 1759 2854 donum
1775 2800 1835 2853 Dei
1850 2808 1898 2854 est.

396 2884 560 2938 custoditam
587 2886 703 2937 datram
731 2901 786 2937 non
810 2885 917 2953 possit,
942 2891 968 2937 et
995 2892 1086 2938 tomen
1113 2883 1229 2936 insanus
1290 2890 1331 2939 45.
1376 2884 1507 2941 Secunda
1532 2885 1628 2941 clusus
1654 2886 1844 2957 assignabitur
1869 2885 1972 2940 talibus
2002 2885 2090 2951 dictis,

389 2972 494 3041 jactet,
520 2989 581 3025 eam
610 2977 672 3023 ante
696 2970 808 3023 vr'naela
826 2978 851 3023 ct
874 2970 933 3023 sine
956 2970 1075 3023 maculis
1096 2985 1154 3023 esse
1172 2978 1228 3023 tam
1255 2969 1284 3023 in
1308 2970 1410 3041 quibus
1438 2973 1555 3028 liberum
1582 2973 1727 3029 arbitrium
1752 2979 1880 3044 respectu
1905 2971 2091 3042 spiritualium

395 3060 512 3112 cicurum
530 3064 555 3110 et
573 3064 758 3121 mamertem,
782 3064 812 3109 ut
837 3065 935 3126 sponte
962 3073 992 3109 se
1015 3058 1109 3110 domet
1131 3073 1179 3109 seu
1197 3063 1227 3108 ut
1254 3057 1394 3111 octonum
1421 3058 1519 3114 dicunt
1540 3059 1671 3115 amissum
1694 3076 1755 3115 esse
1777 3077 1811 3114 ac
1833 3058 1903 3114 nihil
1923 3058 2016 3113 valere
2035 3058 2090 3113 nisi

396 3146 530 3212 dometur,
550 3143 667 3199 liaberet.
699 3142 741 3210 ui
765 3142 883 3196 liberum
908 3142 1057 3195 arbitrium
1081 3142 1110 3194 in
1132 3142 1228 3209 pratia
1255 3143 1292 3228 acl
1316 3145 1497 3214 peccandum.
1515 3146 1644 3201 Ambros.
1668 3146 1715 3201 lib.
1736 3153 1760 3203 2.
1785 3144 1820 3201 de
1837 3162 1895 3201 voc.
1920 3151 1995 3217 gent
2015 3161 2038 3200 c.
2059 3150 2088 3199 t:

389 3238 490 3301 peccat
508 3237 534 3283 et
558 3228 664 3282 intrauit
689 3230 822 3281 adoneus
843 3228 980 3296 pralium,
1008 3229 1079 3281 sicut
1104 3228 1229 3295 capimur
1260 3231 1340 3297 Vapa
1359 3231 1480 3285 bominis
1501 3234 1632 3287 uoluntas
1653 3234 1727 3287 nibil
1752 3234 1783 3286 in
1809 3234 1868 3286 erae
1885 3232 1966 3285 babet
1982 3231 2089 3283 uiribus

395 3332 487 3372 omnies
514 3315 635 3384 sentire,
671 3322 696 3369 et
732 3320 885 3384 pariuntur
916 3312 1060 3383 apostolus
1085 3319 1111 3367 et
1136 3330 1229 3367 omnes
1256 3316 1313 3370 nisi
1334 3317 1459 3386 periatli
1473 3320 1665 3386 sassinatem,
1691 3320 1759 3390 quia
1784 3320 1913 3374 velundae
1938 3317 2090 3392 pmtabrlie,

395 3403 494 3472 sancti,
514 3411 587 3457 certe
605 3409 701 3456 eontra
717 3417 944 3455 omnemscnsum
956 3408 1005 3465 est,
1023 3406 1053 3452 ut
1067 3408 1147 3453 entra
1163 3418 1229 3468 pra·
1257 3420 1329 3474 quae
1353 3422 1409 3458 non
1432 3406 1470 3458 ab
1496 3407 1665 3461 immutabili
1692 3408 1837 3462 uoluntate
1865 3405 1985 3474 rapitur,
2012 3412 2091 3458 tanto

395 3492 464 3544 tiam
485 3490 606 3559 probum
624 3488 660 3541 sit
684 3496 709 3540 et
733 3489 774 3541 ad
800 3488 938 3540 absentem
966 3503 996 3540 se
1019 3494 1119 3556 paret,
1145 3504 1229 3555 arcam
1257 3490 1339 3543 citius
1350 3492 1527 3560 propinquat
1542 3493 1695 3562 iniquitati,
1713 3501 1816 3562 quanto
1825 3491 1921 3545 acmes
1938 3490 2093 3543 intenditur

390 3583 568 3647 praesentem
587 3574 648 3629 oelit
666 3582 690 3627 ct
711 3573 897 3643 pereepaeitur.
932 3571 1010 3627 Haec
1028 3572 1064 3629 D.
1082 3572 1229 3628 Luthorus.
1257 3577 1370 3632 actioni.
1389 3577 1511 3648 August.
1526 3584 1548 3633 1.
1566 3583 1676 3632 remeet
1694 3595 1719 3632 o.
1737 3583 1782 3633 15:
1806 3577 2092 3643 Quanturnabquoel

394 3662 545 3736 Excipiunt
563 3660 710 3729 Pontificii,
727 3660 830 3714 luctam
851 3660 932 3714 illam
950 3661 1046 3713 earnis
1064 3668 1089 3714 et
1111 3660 1230 3729 spiritus
1256 3663 1331 3715 santet
1348 3664 1479 3716 uoluntas
1496 3664 1546 3716 sub
1566 3665 1728 3717 dominante
1747 3663 1912 3732 cupiditate,
1936 3660 1993 3713 nisi
2015 3660 2091 3721 forte

396 3768 453 3804 esse
469 3749 543 3803 inter
555 3749 708 3818 appetitum
721 3747 880 3800 sensitirum
894 3749 919 3800 'et
933 3748 1106 3816 superiorem
1119 3746 1230 3800 animae
1257 3749 1351 3817 sipia
1369 3757 1419 3817 est,
1437 3756 1467 3802 ut
1484 3758 1543 3803 oret
1563 3750 1722 3803 nutritium!
1740 3751 1893 3801 intantum
1912 3747 1985 3801 enim
2003 3746 2092 3800 libera

393 3837 564 3906 portionem,
591 3838 662 3904 qude
679 3833 813 3886 manserit
837 3833 984 3902 operculi
999 3834 1178 3902 corruptione
1195 3833 1229 3887 li·
1258 3842 1311 3898 eet,
1339 3836 1407 3903 quia
1427 3836 1456 3888 in
1473 3843 1580 3888 tontum
1598 3835 1720 3889 liberata
1736 3843 1777 3888 cet
1795 3835 1982 3888 etintantum
1994 3833 2091 3901 appel-

397 3924 471 3990 bera,
490 3922 540 3976 scd
558 3919 726 3975 contrarium
740 3918 909 3974 ostendimus
927 3918 1054 3989 superius
1071 3919 1100 3974 in
1118 3920 1178 3975 looo
1195 3919 1230 3973 de
1258 3922 1335 3974 latur
1352 3922 1491 3990 uoluntas,
1510 3922 1639 3990 alioquein
1657 3929 1717 3976 tota
1735 3921 1888 3990 crepidine,
1906 3936 1978 3988 qnae
1995 3918 2092 3971 uolun-
2197 3937 2204 3946 ·

396 4016 511 4080 peccato
528 4007 649 4077 originis.
1258 4014 1302 4060 tas
1326 4007 1445 4076 proprie
1470 4009 1661 4077 nanucpanda
1678 4016 1727 4060 est.
1763 4005 1852 4076 Epist.
1873 4011 1913 4062 89.
1932 4005 1968 4059 ad
1988 4003 2092 4058 Hiluuc

301 4106 382 4146 neimo
435 4101 474 4150 tt.
511 4093 594 4148 Dicta
613 4097 736 4147 veterum
753 4091 849 4147 reterri
867 4098 984 4163 possunt
1001 4092 1031 4146 in
1050 4098 1140 4146 certas
1161 4092 1231 4146 clas·
1258 4093 1390 4146 Libertas
1408 4093 1469 4146 eine
1484 4087 1582 4160 pratia
1599 4094 1671 4147 nibil
1692 4101 1731 4147 est
1747 4092 1805 4146 nisi
1823 4092 2013 4158 contumacia,
2036 4109 2093 4145 non

303 4156 383 4250 2:3¹⁶
397 4199 456 4250 ses,
473 4197 590 4251 quarum
608 4180 696 4250 prima
716 4180 856 4234 contineat
874 4196 908 4253 ea
924 4177 1095 4246 testimonia,
1124 4177 1154 4231 in
1173 4178 1231 4248 qui·
1258 4179 1383 4232 libertas.
1425 4178 1512 4249 Epist.
1540 4186 1601 4236 tor:
1629 4182 1762 4234 Liberium
1787 4179 1937 4233 arbitrium
1963 4179 2005 4231 ael
2025 4177 2093 4230 dili-

397 4268 450 4324 bus
468 4267 560 4322 omnia
578 4266 688 4320 divinae
713 4265 835 4337 gratiae,
859 4262 963 4318 viribus
988 4268 1081 4319 autem
1103 4262 1231 4318 humanis
1259 4266 1381 4334 pendium
1401 4266 1495 4318 linem
1510 4266 1602 4335 primi
1624 4268 1737 4335 peceati
1755 4266 1920 4333 pranditatc
1940 4263 2092 4317 amisimus.

397 4353 466 4408 nihil
484 4351 618 4407 tribuunt.
630 4350 788 4422 Cyprianus
800 4350 848 4404 lib.
867 4355 891 4404 3.
909 4351 945 4404 ad
958 4348 1080 4414 Quirin.:
1099 4351 1136 4403 In
1151 4348 1231 4402 nullo
1257 4350 1399 4405 lwllnch.
1423 4366 1446 4403 a
1473 4356 1520 4406 30:
1546 4353 1637 4404 Homo
1660 4351 1735 4404 male
1760 4359 1840 4403 utens
1866 4350 1954 4403 libero
1973 4348 2092 4401 arbitrio

397 4439 587 4510 gloriandum,
606 4438 673 4508 prtia
693 4439 764 4492 nibil
782 4445 904 4493 nostrum
924 4445 978 4507 est,
1003 4437 1078 4508 quod
1096 4436 1231 4509 Augusti·
1258 4445 1284 4490 et
1303 4453 1332 4489 se
1347 4436 1479 4505 perdidit
1497 4444 1523 4488 et
1541 4437 1640 4505 ipsum.
1680 4436 1749 4490 Cum
1773 4436 1846 4489 enim
1863 4435 1954 4489 libero
1972 4435 2092 4488 arbitrio

333 4575 338 4582 .
398 4544 450 4580 nus
468 4525 570 4596 passim
588 4524 696 4595 repetit.
710 4523 837 4579 Basilius.
856 4524 886 4578 in
903 4541 979 4579 conc.
998 4524 1033 4579 de
1051 4523 1160 4578 humil:
1178 4525 1230 4578 Ni·
1254 4531 1434 4592 peccaretur,
1458 4522 1563 4575 victora
1582 4530 1700 4589 peccato
1720 4523 1852 4575 ammaum
1869 4529 1910 4575 est
1929 4529 1955 4574 ct
1975 4522 2092 4576 liberum

397 4613 438 4665 lu‘l
450 4612 501 4665 tibi
517 4612 644 4664 relictum
664 4619 703 4663 cst
722 4614 764 4664 art
779 4611 946 4680 superbiam,
966 4611 1055 4680 bomo,
1074 4612 1155 4680 cujus
1171 4610 1231 4680 plo·
1259 4610 1416 4675 arbitrium,
1434 4627 1453 4661 a
1470 4625 1524 4677 queo
1544 4608 1616 4660 eni-m
1635 4607 1697 4677 quis
1714 4608 1838 4661 deuictm
1851 4616 1899 4676 est,
1919 4608 1983 4662 buia
1997 4623 2093 4660 serenes

397 4701 482 4754 riutio
502 4705 528 4751 et
547 4715 610 4766 spes
628 4705 675 4765 est,
693 4706 724 4750 ut
740 4698 889 4766 mortificas
907 4698 1149 4767 omniaomina
1161 4704 1232 4763 sunt,
1259 4696 1392 4750 addictus
1419 4702 1467 4748 est.
1512 4693 1621 4764 Disput.
1650 4700 1674 4749 2.
1701 4700 1773 4749 cont
1799 4696 1928 4750 Portum:
1960 4694 2093 4748 Liberum

398 4794 423 4839 et
448 4802 569 4854 quaeras
591 4786 719 4848 fratruum
741 4784 771 4835 in
795 4781 906 4835 Christo
928 4783 1029 4852 vitam,
1054 4783 1136 4851 cujus
1158 4799 1232 4836 nune
1257 4781 1410 4836 ooleustatis
1426 4780 1574 4832 arbitrium
1592 4782 1621 4834 in
1639 4780 1811 4835 illolrornine
1827 4782 1900 4849 dieo,
1918 4781 1968 4850 qui
1981 4779 2092 4849 primus

397 4873 498 4941 adepti
511 4871 657 4941 primitiae
676 4870 706 4923 in
724 4869 768 4922 bis
787 4887 895 4935 eremus,
919 4875 1003 4922 totrun
1024 4870 1100 4937 quael
1115 4869 1231 4926 uicimus
1257 4868 1399 4930 fornicatus
1417 4873 1469 4926 est,
1496 4864 1546 4917 ille
1570 4865 1611 4917 sic
1628 4866 1725 4929 fuctus
1749 4873 1801 4928 est,
1829 4871 1859 4918 ut
1885 4863 1957 4917 nibil
1979 4863 2091 4916 omnino

396 4960 508 5028 pratiae
525 4965 549 5011 et
573 4958 647 5010 ‹iono
669 4958 728 5009 Dei
753 4956 892 5021 diatreta,
916 4973 980 5008 nam
999 4956 1079 5008 Deus
1103 4963 1156 5022 est,
1182 4955 1232 5024 qui
1257 4952 1398 5007 solientati
1423 4951 1485 5019 ejus
1514 4951 1665 5020 resisteret,
1698 4952 1725 5003 si
1750 4949 1832 5003 vellet
1853 4957 2006 5019 praecepta
2032 4948 2093 5003 Dei

399 5047 448 5099 rlat
465 5044 536 5097 nelle
555 5051 580 5096 et
599 5043 715 5111 opera-ri
727 5060 782 5111 pro
802 5043 874 5094 bona
892 5059 944 5093 ersa
960 5040 1108 5095 uoluntate.
1139 5038 1230 5095 Idem:
1256 5054 1382 5106 seruare,
1402 5043 1551 5107 postquam
1572 5044 1664 5090 autem
1687 5037 1777 5089 libera
1795 5035 1937 5089 voluntate
1954 5035 2014 5105 epse
2026 5052 2092 5105 pec·

400 5131 478 5194 Quid
496 5137 521 5183 te
543 5131 626 5199 effers
646 5137 779 5197 tanquam
798 5127 827 5181 in
848 5127 931 5180 elassis
945 5126 1084 5195 propriis,
1103 5143 1165 5179 cum
1176 5144 1229 5197 po·
1257 5125 1344 5190 cauit,
1368 5141 1421 5176 nos
1444 5123 1474 5176 in
1497 5124 1685 5176 necessitatem
1703 5121 1892 5191 praecipitati
1913 5139 2019 5190 nemus,
2044 5123 2094 5190 qui

396 5219 451 5271 tius
478 5217 588 5285 prutina
619 5233 703 5284 apere
732 5215 833 5268 debens
858 5231 915 5282 pro
943 5212 1064 5281 acceptis
1093 5213 1232 5278 beneficr'ie
1258 5212 1294 5265 ab
1313 5212 1375 5280 ejus
1393 5210 1481 5279 stirpe
1499 5211 1697 5264 &recudimus
1722 5207 1770 5264 lib.
1794 5215 1815 5263 l.
1834 5215 1906 5262 cont
1925 5209 1996 5263 duas
2014 5208 2092 5280 epist.

396 5302 538 5370 larpr'torn',
571 5303 643 5371 quiet
669 5301 741 5354 eni-m
768 5300 866 5364 babes,
896 5300 973 5367 quod
997 5317 1052 5352 non
1079 5253 1353 5368 arceputithelng.
1372 5314 1396 5351 o.
1416 5302 1447 5351 3:
1474 5297 1632 5350 Arbitrium
1658 5296 1688 5347 in
1717 5295 1787 5349 bono
1811 5295 1929 5348 liberum
1950 5313 2006 5349 non
2031 5296 2093 5363 erit,

396 5388 525 5444 Ambros.
547 5395 569 5443 l.
596 5390 631 5444 de
657 5405 715 5443 voc.
742 5394 816 5459 gent.
836 5403 858 5440 c.
877 5392 907 5440 3:
939 5385 1018 5445 ortae
1042 5392 1145 5439 statura
1171 5363 1245 5446 eratl
1258 5386 1337 5454 prod
1359 5385 1496 5437 liberator
1520 5401 1576 5435 non
1600 5381 1776 5449 liberaverit,
1799 5383 1851 5435 sed
1870 5382 1900 5434 in
1918 5382 1995 5435 mala
2012 5381 2092 5434 boum

396 5477 483 5544 bona,
511 5475 647 5544 qualitate
670 5477 752 5538 sacta
770 5483 809 5528 est
827 5474 917 5541 mala,
942 5489 1004 5525 cum
1018 5473 1099 5524 bomo
1118 5473 1160 5525 aet
1169 5463 1339 5558 pic-{babet
1356 5470 1474 5523 liberam
1499 5467 1654 5521 arbitrium.
1683 5465 1731 5523 lib.
1752 5473 1776 5536 3,
1797 5484 1821 5520 c.
1842 5472 1872 5523 8:
1895 5468 2026 5521 Liberum
2045 5484 2093 5518 ar·

394 5571 480 5616 tatcrn
498 5563 586 5625 redit,
604 5580 660 5616 non
679 5562 740 5615 alut
761 5562 789 5613 in
808 5578 838 5614 eo
858 5568 969 5613 creatur
987 5559 1158 5627 substantia,
1182 5560 1245 5620 sedi
1259 5557 1373 5611 bitrium
1395 5554 1567 5623 captivatum
1591 5571 1646 5606 non
1669 5553 1726 5607 nisi
1748 5555 1791 5607 acl
1812 5554 1988 5624 peccandum
2012 5551 2094 5617 uolet

395 5651 508 5717 eadem,
536 5666 608 5718 quae
631 5649 806 5714 lobcy'actata
825 5648 936 5712 suerat,
965 5653 1130 5716 reparatur,
1157 5647 1245 5716 quael·
1259 5646 1299 5698 ad
1317 5641 1462 5713 justitiam
1484 5655 1550 5694 uero
1575 5657 1631 5692 non
1647 5639 1705 5692 nisi
1722 5640 1858 5695 diuinitus
1875 5641 2023 5695 liberatum
2041 5638 2093 5690 ad·

314 5729 317 5736 ’
394 5753 449 5787 uon
469 5735 569 5804 efficit,
598 5736 655 5789 nisi
673 5735 769 5804 pratia
795 5734 969 5802 Memoris,
994 5732 1044 5803 qui
1063 5750 1133 5801 optes
1151 5751 1230 5787 utrem
1253 5732 1403 5801 juta-mque
1438 5725 1520 5780 odd.
1556 5725 1605 5781 lib.
1635 5731 1660 5782 2.
1686 5733 1759 5784 cont.
1785 5727 1894 5784 Julian:
1928 5724 1985 5779 Hie
2008 5722 2093 5777 vultis
