5017 6675
479 606 538 664 178
700 598 702 602 ’
1187 594 1312 653 Locus
1329 595 1464 657 NONUS.

474 758 558 822 ptura
575 753 605 806 in
623 768 724 823 genere
742 751 778 805 de
795 750 921 806 omnibus
937 749 1114 820 pronuntiat3
1138 765 1231 805 coram
1247 748 1309 804 Deo
1336 750 1481 821 supponit:
1506 749 1585 804 nulla
1609 749 1682 805 enim
1708 753 1750 804 est
1772 748 1890 805 victoria
1911 748 2019 833 absque
2042 747 2124 804 hoste
2141 755 2170 804 et

474 855 554 893 nemo
573 838 717 893 innocens:
742 839 870 893 Nosseet
893 836 974 891 homo
994 837 1045 907 qai
1065 855 1122 892 eoa
1143 844 1254 905 peccet,
1282 836 1310 890 ei
1334 853 1437 907 pugna.
1477 833 1639 890 Bellannini
1661 835 1851 905 interpretatio
1875 852 1995 907 asoopo
2019 842 2048 890 et
2074 835 2169 891 verbis

475 926 628 978 dixerimus
645 942 696 977 ror
713 941 769 976 ααα
786 924 887 976 lobea
909 933 1068 993 peccatum,
1091 925 1239 977 medere:
1262 940 1306 976 sic
1333 923 1485 994 Augustini
1503 929 1545 978 est
1563 921 1666 991 aliena;
1693 923 1831 994 quomodo
1859 923 1932 978 euim
1948 922 2039 977 Maria
2056 921 2086 976 in
2103 923 2166 994 ipso
2204 914 2210 925 ’

473 1029 534 1064 mise
551 1018 603 1065 etc.
638 1011 713 1081 Ergo
731 1008 782 1063 soli
801 1007 911 1063 Christo
937 1008 990 1064 hoc
1017 1008 1192 1081 privilegium
1211 1007 1306 1063 rendi·
1332 1008 1507 1063 animationis
1529 1008 1682 1063 instantia
1706 1013 1823 1079 peccato
1841 1016 2019 1079 praeservata
2036 1008 2107 1063 illud
2125 1009 2166 1062 ri·

473 1103 520 1152 cat
537 1099 688 1156 παντααώς
705 1093 898 1167 ἂναμάριηιον
916 1094 996 1152 εἶναι.
1032 1096 1209 1167 accrum
1227 1095 1306 1149 selus
1332 1094 1403 1148 cisse
1430 1093 1561 1163 dicenda,
1592 1112 1610 1148 a
1641 1109 1697 1165 quo
1728 1111 1871 1165 nunquam
1900 1093 1955 1149 fuit
1981 1095 2168 1166 impugnata?

473 1183 510 1235 ab
527 1183 665 1251 originali
677 1189 794 1250 peccato
813 1181 943 1234 immersis
960 1182 990 1234 ci
1005 1182 1211 1250 generatimst,
1227 1179 1305 1234 colae
1333 1183 1356 1234 s.
1380 1177 1465 1234 Dicta
1487 1179 1653 1251 Augustini,
1680 1179 1822 1234 Ambrosii
1849 1186 1877 1236 et
1901 1180 2033 1250 aliorum,
2061 1182 2164 1253 quibus

472 1269 546 1321 caim
563 1286 618 1321 nors
636 1285 668 1320 ea
683 1267 740 1320 viri
755 1266 865 1335 semine,
883 1269 935 1319 aed
954 1267 1078 1336 Spiritus
1096 1268 1187 1321 eoacti
1205 1267 1304 1318 uirtute
1332 1282 1425 1320 omnes
1445 1265 1578 1332 homines,
1596 1266 1655 1321 solo
1675 1264 1783 1321 Christo
1802 1271 1933 1337 excepto,
1952 1267 2083 1339 originali
2101 1285 2167 1339 pec·

472 1362 628 1422 conceptue,
646 1353 747 1406 Maria
767 1352 859 1405 caruit
876 1353 1014 1421 originali
1025 1353 1139 1405 eraculo
1153 1351 1305 1422 privilegio
1332 1357 1394 1406 cato
1415 1352 1547 1408 obnoxios
1566 1369 1626 1408 esse
1645 1358 1795 1420 testantur,
1814 1351 2000 1408 Bellarminus
2020 1353 2062 1407 sic
2080 1353 2166 1425 expli·

472 1440 587 1493 dicr‘nae
612 1441 732 1506 pretias.
775 1437 997 1508 Respondemus:
1028 1438 1103 1493 lllud
1127 1435 1304 1508 privilegium
1331 1442 1385 1504 cat,
1404 1440 1481 1508 quod
1497 1440 1576 1493 solue
1590 1438 1755 1493 Christusne*
1771 1441 1958 1508 peractione
1971 1457 2028 1493 ααα
2045 1442 2165 1495 troaerit

471 1522 535 1598 ἄτερ
560 1526 671 1596 γραφῆς
690 1525 833 1593 asseritur,
869 1525 1010 1596 generalia
1041 1525 1127 1596 igitur
1145 1523 1304 1594 Scripturas
1331 1523 1471 1592 originale
1492 1532 1649 1593 peccatam,
1678 1524 1781 1578 Morio
1799 1509 1895 1579 'caum
1917 1542 1952 1580 ec
1970 1526 2085 1595 gratiae
2099 1528 2163 1597 pri·

469 1611 648 1681 pronuntiata
675 1628 708 1666 ex
728 1628 760 1666 eo
781 1628 838 1666 uon
856 1617 972 1681 possunt
988 1627 1040 1666 nec
1060 1611 1163 1667 debent
1180 1609 1301 1664 limitari.
1330 1610 1438 1678 vilepio.
1483 1609 1705 1681 Respondemus:
1730 1609 1812 1665 Hanc
1837 1610 2029 1668 limitationem
2055 1618 2083 1666 et
2109 1612 2163 1669 hoc

469 1699 496 1750 3.
515 1697 617 1750 Μανία
629 1698 759 1766 peccauit
777 1706 802 1751 et
816 1706 925 1752 mortuo
943 1705 982 1751 eat
1001 1699 1031 1751 ία
1043 1699 1164 1767 Adoreo,
1184 1698 1236 1751 boe
1253 1705 1303 1761 est,
1330 1694 1505 1767 privilegium
1521 1695 1652 1766 nuspiam
1668 1694 1724 1766 ipsi
1746 1702 1969 1755 commemorant.
2005 1704 2029 1753 7.
2046 1696 2162 1752 Dictum

471 1782 590 1836 αόαααία
607 1786 690 1847 facte
706 1786 778 1849 tuit,
798 1791 830 1836 ot
854 1786 967 1853 αιιααιία
990 1793 1055 1837 octa
1078 1801 1138 1838 esee
1159 1784 1303 1852 inciperet,
1330 1782 1481 1852 Augustini
1498 1780 1546 1836 lib.
1564 1781 1600 1836 do
1617 1781 1731 1853 perfect.
1750 1782 1848 1852 justit,
1871 1784 1946 1855 quod
1964 1783 2092 1850 omnibus
2111 1783 2160 1839 bo

469 1870 582 1939 reapse
598 1870 629 1924 in
646 1887 675 1924 ee
689 1878 838 1940 peecatum
858 1871 983 1940 ίιαὸιναί,
1009 1871 1062 1924 sed
1076 1877 1230 1939 praeventa
1245 1869 1304 1932 fuit
1331 1866 1451 1922 minibus
1469 1868 1625 1923 necessaria
1641 1867 1679 1921 sit
1695 1874 1873 1938 peccatorum
1884 1869 2015 1937 remissio,
2032 1887 2088 1924 uno
2105 1887 2163 1926 me·

470 1973 489 2009 α
508 1957 567 2010 Dei
582 1958 697 2027 gratio,
724 1964 754 2011 ut
779 1957 865 2011 risnel
887 1965 912 2010 et
936 1973 994 2011 esee
1012 1964 1038 2010 et
1054 1957 1139 2026 juata
1157 1973 1216 2010 erre
1235 1957 1304 2009 ίααί-
1331 1955 1438 2010 diatore
1456 1959 1579 2025 excepto,
1598 1954 1783 2010 Bellarmiuus
1801 1955 1842 2010 sic
1861 1956 2019 2028 detorquet:
2043 1955 2164 2010 Mariae

465 2051 561 2112 peret,·
579 2052 684 2097 actara
702 2045 761 2110 fuit
772 2042 841 2112 filia
857 2043 927 2106 irae,
946 2044 998 2096 aed
1008 2043 1105 2111 pratia
1121 2060 1230 2113 semper
1245 2043 1304 2109 fait
1330 2041 1449 2095 remissa
1464 2043 1556 2107 faisse
1570 2049 1704 2111 peccato,
1722 2059 1778 2096 noa
1795 2043 1826 2096 ία
1844 2059 1916 2112 paee
1934 2043 2086 2112 inciderat,
2112 2045 2166 2096 aed

467 2128 532 2197 filio
551 2129 772 2184 inisericordiee.
807 2129 1030 2200 Respondemus:
1055 2128 1134 2185 Haec
1152 2146 1208 2184 non
1226 2134 1305 2184 eraut
1331 2127 1362 2180 is
1379 2144 1450 2196 quae
1467 2127 1592 2182 incidere
1606 2130 1755 2198 potuisset,
1782 2130 1854 2183 sicat
1867 2131 1904 2183 eb
1921 2129 2101 2198 aspritudine
2120 2130 2165 2182 di·

468 2215 543 2271 nuda
559 2216 733 2287 proferenda,
750 2216 801 2270 sed
818 2214 1021 2271 confirmanda:
1041 2217 1070 2274 Si
1085 2217 1161 2271 nullo
1180 2232 1304 2289 unquam
1330 2214 1404 2267 eder
1420 2214 1552 2280 liberari,
1576 2214 1626 2282 qrsi
1647 2215 1682 2268 ab
1705 2231 1739 2269 ea
1759 2222 1967 2284 promerem.
2003 2214 2165 2286 Responde-

468 2307 593 2374 tempore
610 2303 700 2357 Maria
715 2302 771 2357 fuit
787 2309 905 2373 peccato
923 2303 1051 2374 originali
1074 2303 1208 2369 obnoxia,
1236 2320 1303 2374 quc
1331 2317 1407 2354 mus:
1425 2299 1601 2372 Augustinus
1614 2300 1715 2357 diserte
1730 2300 1817 2371 addit,
1834 2300 2038 2358 ideoomuibus
2051 2301 2164 2356 omnino

469 2389 552 2459 modo
574 2388 673 2463 φύσει,
699 2396 799 2444 natura
823 2394 851 2444 et
870 2406 921 2459 per
938 2390 1076 2444 carnalem
1095 2390 1303 2462 generationem
1330 2387 1514 2442 necessariam
1531 2404 1591 2443 esse
1608 2395 1785 2459 peccatorum
1802 2388 1997 2459 remissionem,
2017 2388 2086 2460 quia
2098 2406 2165 2460 apo-

468 2475 523 2531 fui:
540 2493 664 2548 uuquam
680 2475 739 2531 irae
762 2475 829 2534 iilia.
865 2480 890 2530 4.
908 2476 1012 2530 Μανία
1029 2477 1095 2545 suit
1113 2484 1233 2546 peccato
1258 2477 1303 2530 ob·
1330 2472 1417 2528 stolus
1434 2474 1610 2544 pronuntiet,
1632 2492 1683 2545 per
1702 2493 1789 2531 unum
1806 2473 1945 2530 hominem
1962 2475 2163 2545 intrarsspec-

467 2563 554 2616 rocio
571 2565 660 2617 tribas
679 2563 860 2633 temporibus,
882 2563 978 2631 primo
998 2564 1135 2632 quamdiu
1153 2564 1183 2616 ία
1202 2563 1303 2617 lembis
1331 2565 1422 2614 catum
1441 2559 1471 2613 in
1488 2561 1636 2632 mundum:
1659 2561 1720 2631 jam
1741 2578 1806 2617 vero
1828 2565 1975 2632 peccatum
1994 2578 2051 2616 uon
2073 2560 2165 2617 solum

467 2648 552 2703 Adae
570 2657 596 2702 et
612 2657 785 2704 coeterorum
797 2657 950 2718 parentum
966 2650 1043 2717 fait,-
1065 2650 1168 2704 dende
1187 2650 1303 2720 qumodo
1330 2645 1422 2716 potuit
1439 2644 1542 2700 muare
1559 2646 1589 2700 in
1607 2647 1749 2716 muudum,
1768 2647 1817 2702 sed
1834 2663 1931 2703 revera
1945 2647 2076 2716 intrarit,
2095 2662 2165 2717 ergo

468 2743 602 2805 concepta
620 2745 661 2790 eet
677 2737 708 2790 ία
725 2745 805 2790 atero
821 2737 924 2791 metria
942 2744 1005 2789 uate
1023 2737 1237 2804 animationem
1257 2737 1303 2790 de-
1330 2730 1415 2787 etiam
1434 2730 1561 2786 omnibus
1578 2732 1734 2788 necessaria
1752 2737 1929 2803 peccatorum
1947 2733 2087 2803 remissio,
2108 2749 2166 2788 uon

468 2821 551 2892 ripae
576 2823 607 2876 ία
624 2824 720 2893 primo
742 2822 861 2877 instanti
883 2823 1088 2892 conjunctionis
1111 2822 1222 2877 animae
1242 2841 1304 2877 cum
1331 2833 1403 2888 quae
1429 2816 1532 2874 habers
1557 2819 1728 2889 potuissent,
1759 2819 1808 2875 sed
1834 2835 1906 2890 quas
1929 2837 2026 2875 revera
2051 2818 2167 2876 habent

469 2925 602 2979 corpore:
627 2911 739 2965 camebi
764 2910 837 2965 enim
859 2910 890 2963 ία
913 2910 1009 2963 eodem
1030 2910 1148 2963 instanti
1170 2909 1304 2977 temporis
1332 2903 1413 2968 Quod
1431 2904 1566 2959 mediator
1582 2903 1637 2960 Dei
1654 2911 1682 2960 et
1698 2904 1840 2960 hominum
1859 2904 1987 2960 omnibus
2008 2911 2050 2961 ert
2068 2922 2165 2962 neccs-

359 3008 396 3053 1v.
409 2997 526 3063 :castrii
546 2995 720 3065 justificate,
746 3003 839 3050 tamer:
866 2996 934 3065 ααία
957 2995 1057 3049 ordine
1079 3003 1198 3050 naturae
1218 2995 1304 3066 priua
1331 2990 1427 3060 sarius,
1444 2991 1480 3045 ad
1499 2989 1570 3044 illud
1588 3008 1644 3046 non
1663 2988 1775 3060 sufficit,
1793 2990 1896 3047 habere
1912 3008 1995 3063 posse
2012 2998 2165 3063 peccatum

469 3089 509 3136 ert
534 3083 702 3150 subjectam,
729 3099 814 3151 qaam
842 3082 1017 3150 αααίάααίία,
1047 3081 1113 3138 ideo
1134 3082 1220 3151 priua
1244 3082 1304 3147 tuit
1331 3076 1410 3147 (alias
1439 3069 1523 3132 etiam
1551 3076 1634 3148 primi
1661 3081 1791 3148 parentes
1818 3082 1884 3133 aute
1909 3078 2019 3148 lapsum
2051 3077 2165 3134 Christo

469 3170 569 3224 ordire
597 3176 716 3221 naturae
740 3185 868 3237 persona
897 3168 954 3222 sila
981 3176 1062 3223 estre
1094 3186 1162 3222 sacr
1191 3185 1305 3236 emesae,
1330 3162 1481 3218 mediatore
1495 3162 1699 3234 indiguissent),
1709 3162 1758 3219 sed
1770 3179 1801 3218 re
1817 3162 1879 3234 ipsa
1891 3161 1994 3219 babere
2007 3168 2165 3234 peccatum.

468 3271 553 3325 quom
580 3260 629 3306 cat
650 3261 797 3322 peccatam
823 3262 872 3307 aut
891 3253 1010 3323 justitia
1035 3255 1065 3307 in
1089 3254 1144 3308 illc
1168 3254 1304 3307 ίιααναναι.
1331 3256 1355 3306 8.
1379 3249 1558 3305 Eridentiam
1581 3249 1753 3320 pronuntiati
1770 3249 1969 3322 Augustiniani
1989 3250 2038 3306 lib.
2061 3258 2087 3310 5.
2114 3253 2190 3306 ad·'

467 3339 694 3410 Respondemus:
723 3337 841 3395 Ratione
869 3340 951 3412 primi
980 3339 1112 3411 temporis
1141 3357 1198 3396 non
1229 3348 1303 3409 actu,
1330 3354 1400 3393 vers.
1419 3336 1563 3394 lulianum
1580 3353 1604 3391 c.
1625 3341 1649 3392 9.
1666 3335 1823 3406 maerentis,
1841 3354 1955 3392 caraem
1975 3337 2097 3392 οίααίαία
2114 3339 2166 3393 iro·

468 3426 519 3482 sed
543 3426 669 3497 potentia
694 3432 819 3493 tantum:
845 3443 901 3480 uon
932 3427 960 3480 in
988 3442 1032 3495 sc,
1060 3426 1110 3481 sed
1134 3426 1163 3480 in
1188 3434 1303 3496 parente
1330 3426 1434 3478 miram
1451 3426 1578 3494 adeoque
1593 3423 1682 3493 ipsius
1698 3424 1816 3478 Mariae
1833 3441 1892 3478 erre
1909 3442 2022 3479 comem
2041 3427 2165 3497 peccati

468 3519 577 3568 tanturn
597 3518 714 3584 peccato
733 3512 787 3566 fuit
806 3511 939 3581 obnoxia3
964 3512 1072 3567 ratione
1096 3513 1211 3568 secundi
1234 3521 1303 3568 tem·
1329 3516 1446 3565 conatur
1456 3509 1641 3565 Bellarminus
1655 3509 1779 3581 effugere
1791 3509 2068 3582 solitudistinctione,
2085 3516 2166 3583 quood

467 3599 544 3671 poris
561 3599 666 3655 exstitit
685 3604 793 3653 tantum
810 3615 867 3653 una
884 3598 926 3652 sui
945 3604 1032 3668 parte,
1049 3598 1304 3670 videlieetcorpora
1329 3597 1359 3650 oi
1376 3597 1563 3667 comsptioois
1581 3598 1662 3651 teoto
1679 3596 1758 3665 vireo
1776 3603 1845 3650 erret
1860 3605 1977 3666 peceato
1994 3598 2167 3667 polluerer,
2204 3589 2212 3603 ‘

469 3686 560 3756 (juxta
577 3684 739 3740 Bellarmini
758 3683 948 3755 hypothesin),
967 3685 1041 3756 quod
1058 3692 1173 3756 peccato
1191 3687 1304 3757 proprie
1329 3684 1387 3737 aiei
1413 3684 1523 3751 pretias
1542 3683 1726 3755 priuilegium
1751 3683 1956 3739 intercessieeet.
1998 3682 2087 3755 Atqui
2104 3684 2166 3741 Au·

468 3771 618 3826 obnoxium
635 3788 692 3841 non
710 3777 753 3824 est
772 3771 863 3841 (juxta
882 3770 1007 3840 ejusdem
1026 3770 1203 3841 hypothesin,
1220 3779 1304 3827 vocat
1329 3769 1458 3841 guntinus
1477 3785 1535 3823 nou
1552 3767 1660 3841 quaerit
1676 3768 1711 3824 de
1727 3767 1867 3839 potentia,
1884 3768 1933 3825 ssd
1954 3769 1990 3825 de
2006 3778 2084 3841 actu,
2103 3787 2166 3827 car-

468 3858 542 3914 enim
567 3857 698 3913 horribile
722 3858 908 3927 paradoxum,
933 3856 1009 3929 quod
1036 3857 1152 3929 embryo
1178 3860 1302 3913 nondum
1329 3874 1393 3912 nem
1412 3856 1535 3910 omnium
1552 3855 1702 3921 hominum,
1723 3858 1840 3926 excepta
1857 3854 1941 3910 solius
1955 3854 2058 3912 Christi
2071 3873 2165 3925 carne,

468 3942 608 3999 animatus
625 3948 741 4013 peccato
760 3941 895 3998 obnoxius
913 3941 1100 3998 aChemnicio
1111 3944 1239 4016 dicitur);
1258 3962 1302 4001 ra-
1329 3959 1389 3998 esse
1407 3958 1518 3997 carnem
1535 3941 1643 4013 peccati
1662 3942 1770 4011 asserit,
1789 3958 1878 4013 aquo
1897 3942 2023 4014 generali
2039 3960 2166 4015 pronun·

467 4029 544 4084 tione
572 4029 647 4084 tertii
677 4029 810 4099 temporis
834 4029 931 4083 itidem
958 4029 1035 4083 nuda
1063 4031 1163 4085 mentis
1191 4039 1303 4088 nostrae
1327 4030 1396 4085 tiato
1421 4044 1473 4084 uec
1496 4028 1586 4099 ipsam
1607 4026 1724 4084 Mariam
1749 4028 1858 4099 excipit
1905 4034 1929 4085 9.
1954 4028 2049 4086 Verba
2071 4031 2163 4086 Beru-

468 4116 580 4185 ἐπινοίᾳ
605 4116 649 4169 vel
666 4123 741 4170 certe
759 4114 884 4185 potentia
900 4121 1009 4169 tantum
1027 4115 1082 4171 fuit
1102 4117 1221 4173 obnoxia
1237 4136 1302 4191 pec·
1328 4115 1407 4171 hardi
1424 4114 1632 4185 conceptionem
1651 4113 1749 4170 beatae
1764 4114 1868 4171 Mariae
1886 4121 2001 4187 peccato
2012 4117 2163 4173 obnoxiam

468 4206 539 4258 cato.
575 4201 609 4255 In
625 4201 686 4272 ipso
704 4201 778 4257 enim
789 4202 879 4274 primo
890 4202 1066 4258 animationis
1080 4202 1194 4259 instanti
1208 4207 1302 4277 (juxta
1328 4201 1357 4255 in
1374 4201 1454 4272 epist
1477 4208 1534 4260 174.
1555 4202 1593 4256 ad
1611 4200 1678 4257 Cau.
1690 4200 1782 4273 Lugd.
1798 4201 1945 4260 statuentis
1962 4202 2161 4274 explicatBel-

468 4287 678 4355 Bellarminum)
701 4287 756 4343 fui:
780 4288 816 4343 ab
843 4288 918 4343 omui
940 4289 1049 4359 peccati
1072 4289 1136 4344 labe
1163 4290 1301 4357 immunis,
1328 4287 1459 4343 larminus
1477 4290 1513 4343 de
1526 4290 1623 4357 primo
1636 4289 1823 4358 conceptionis
1837 4297 1956 4359 tempore
1971 4298 2037 4345 eme
2050 4291 2165 4347 ambros

421 4406 427 4412 -
467 4391 520 4430 uec
545 4391 669 4445 uuquam
690 4374 748 4428 ullo
772 4380 894 4445 tempore
920 4382 985 4429 actu
1008 4375 1034 4429 ei
1054 4374 1190 4445 subjecta.
1225 4376 1302 4449 Ergo
1328 4375 1498 4442 inferiorem
1515 4383 1542 4428 et
1559 4384 1639 4444 urget
1656 4376 1722 4445 hoe,
1749 4379 1825 4445 quod
1842 4377 2029 4431 Bembordes
2045 4385 2161 4448 mourut

468 4466 533 4515 sunt
550 4475 625 4515 mera
644 4460 749 4531 effugia
767 4465 796 4515 et
809 4477 924 4530 spumae
939 4460 1093 4529 verborum,
1113 4462 1225 4533 quaudo
1237 4463 1302 4520 Bel·
1329 4462 1458 4516 Mariom
1478 4469 1542 4515 arte
1560 4470 1688 4516 saswtom
1702 4462 1801 4529 fumas,
1822 4480 1906 4532 qaum
1913 4470 2020 4535 eatam,
2030 4465 2161 4519 eandem

466 4546 600 4602 terminus
618 4547 733 4615 meent,
751 4543 868 4601 hiarium
885 4546 1063 4601 nihilominus
1081 4547 1168 4604 haime
1184 4557 1300 4619 peccato
1329 4564 1381 4615 que
1399 4548 1488 4601 omnis
1508 4548 1630 4602 actuali:
1643 4549 1758 4616 peccati
1770 4549 1866 4615 subse
1891 4556 2042 4620 ecpsrtem
2068 4551 2115 4606 ati
2135 4558 2162 4605 et

467 4633 622 4700 obnoxiam,
641 4632 665 4686 si
683 4632 729 4689 vel
745 4633 863 4687 maxime
881 4633 1059 4689 immaculata
1076 4636 1138 4705 ejus
1155 4637 1300 4707 conceptio
1329 4633 1411 4702 illud,
1429 4636 1508 4703 quod
1524 4635 1712 4690 Bcrolsordsoe
1730 4635 1876 4690 Romanae
1895 4635 2030 4690 cocleare
2049 4652 2080 4691 aa
2097 4638 2161 4691 aab·

467 4723 665 4790 propugnatur.
702 4724 725 4774 5.
746 4718 827 4782 Quod
846 4718 1022 4788 Augustinus
1046 4719 1082 4773 da
1103 4729 1160 4774 nat
1180 4729 1208 4777 et
1229 4730 1300 4794 grat
1322 4720 1418 4788 jicict.
1466 4719 1695 4791 Respondemus:
1725 4719 1881 4776 Bernhardi
1905 4726 2029 4793 tempore
2057 4739 2162 4796 magna

468 4823 491 4861 c
510 4810 553 4861 36.
570 4804 652 4858 dicit:
678 4805 795 4859 Mariae
816 4806 915 4858 datam
936 4806 1060 4873 gretiam
1078 4809 1120 4860 od
1136 4808 1302 4865 vincendam
1329 4806 1470 4863 doctrinae
1488 4806 1632 4862 inclinatio
1647 4807 1707 4878 jam
1726 4810 1786 4861 erat
1802 4806 1892 4878 facta,
1909 4808 2050 4879 improbat
2067 4816 2161 4867 tamen

469 4893 545 4947 omrai
564 4910 596 4946 ee
611 4899 696 4960 parte
711 4898 871 4960 peecatum,
895 4890 928 4943 id
945 4891 1139 4948 Bellarmiaus
1154 4897 1196 4950 :ic
1214 4898 1302 4967 expli-
1327 4893 1431 4949 ibidem
1455 4893 1557 4949 diserte
1585 4892 1686 4950 sermm
1712 4894 1901 4966 conceptionis
1928 4894 2049 4968 Mariae,
2073 4897 2160 4970 idque

468 4988 526 5046 cot,
548 4981 625 5048 qrsod
647 4996 701 5047 per
723 4977 847 5046 gratiam
872 4976 903 5030 ία
927 4978 993 5046 :pec
1017 4980 1158 5036 creatione
1175 4983 1302 5050 irfissam
1328 4979 1517 5050 superstitiose
1537 4977 1679 5035 observari
1697 4978 1800 5036 scribit.
1895 5045 1899 5053 ,

468 5066 564 5119 riceii
576 5073 722 5135 peccatum
734 5063 880 5132 originale,
898 5065 949 5119 Ιιαα
962 5073 1009 5130 eet,
1028 5067 1136 5121 aarum
1150 5069 1178 5123 ei
1189 5072 1300 5127 omnino
1365 5073 1420 5122 120.
1457 5068 1589 5136 Denique
1614 5067 1763 5121 mendacia
1786 5074 1813 5120 et
1836 5066 1995 5122 calumnias
2017 5069 2100 5141 (quas
2119 5070 2162 5126 ita
2175 5083 2260 5128 Im:

463 5152 652 5222 praecluserit
670 5160 696 5205 et
713 5153 839 5206 mamilae
858 5154 947 5206 emesa
967 5155 1087 5209 actualis
1109 5158 1221 5225 peceati
1239 5174 1300 5211 era-
1327 5158 1418 5218 vocat)
1444 5151 1499 5207 Du.
1527 5151 1680 5208 Chemuicii
1707 5152 1892 5209 Bellarminus
1922 5171 1946 5210 c
1977 5161 2019 5211 17.
2049 5156 2160 5213 refellit.
2175 5154 2260 5204 ΒΜ

467 5240 542 5292 serit
576 5237 799 5310 Respondemus:
821 5238 996 5310 Augustinus
1017 5240 1046 5293 in
1063 5239 1130 5295 locis
1144 5258 1227 5312 quam
1238 5243 1300 5314 plu·
1326 5239 1419 5295 Primo
1439 5239 1551 5293 ἀίααααί
1570 5239 1753 5310 Chemnicius,
1773 5250 1895 5312 tempore
1911 5240 2065 5299 Isomberdi
2082 5243 2162 5313 ipsso·
2176 5207 2260 5299 ἓξὲξ

425 5319 429 5327 ’
466 5324 543 5379 rimis
561 5342 655 5381 omnes
673 5326 753 5380 Adae
771 5332 896 5396 posteros
916 5342 966 5396 per
984 5326 1123 5382 carnalem
1145 5331 1299 5398 generatio-
1326 5334 1384 5379 tam
1398 5326 1491 5389 fuine
1511 5326 1603 5381 adbuc
1622 5328 1781 5397 opinionem
1796 5331 1831 5384 do
1844 5330 2027 5386 immaculata
2039 5332 2161 5400 uirginis
2175 5311 2260 5403 {iffi

466 5429 530 5467 nem
550 5429 582 5467 ex
600 5412 660 5483 ipso
677 5417 846 5482 propagatos
869 5420 985 5482 peccato
1011 5412 1140 5482 originali
1163 5414 1299 5472 obnoxios
1326 5413 1518 5481 conceptione,
1544 5413 1577 5466 id
1596 5414 1706 5478 fabem
1730 5430 1790 5469 esse
1809 5414 1968 5473 Bellarmin.
1988 5415 2070 5488 dicit,
2094 5434 2158 5474 curs

467 5515 526 5555 esse
544 5499 702 5563 confirmat,
728 5498 845 5552 Mariam
868 5498 996 5568 nuspiam
1020 5498 1137 5568 excipit3
1161 5500 1299 5559 hocloco
1322 5506 1497 5569 patresarte
1508 5500 1699 5555 lombardum
1707 5503 1880 5572 praesertim
1890 5506 2162 5561 ceroAreslmurin

465 5584 640 5656 depereatis
658 5584 814 5639 actualibus
839 5585 913 5656 agit,
941 5592 973 5639 ut
994 5591 1070 5640 totus
1092 5585 1172 5640 istius
1199 5590 1298 5658 capitis
1326 5591 1349 5639 l.
1368 5584 1429 5639 Cor.
1449 5592 1472 5642 δ.
1491 5586 1566 5641 idem
1582 5589 1737 5647 domem.
1772 5589 1998 5661 Respondemus:
2021 5591 2157 5650 Veterum

464 5678 607 5726 contextus
626 5671 739 5741 probet,
764 5671 800 5725 ad
824 5688 897 5742 quae
916 5670 990 5727 omni
1009 5678 1142 5740 exparte
1161 5672 1299 5728 vincenda
1324 5666 1410 5725 dicta
1423 5672 1452 5725 in
1474 5672 1593 5730 alienam
1615 5692 1649 5730 ac
1676 5676 1852 5748 peregrinam
1876 5677 2042 5733 sententium
2066 5678 2159 5734 detor-

463 5754 568 5814 Muriac
586 5756 705 5830 gratiam
722 5756 851 5812 collatam
870 5774 929 5813 mse
952 5756 1137 5827 probabiliter
1157 5758 1296 5830 disputat,
1324 5765 1391 5831 quet
1415 5758 1615 5834 Bellarminus,
1642 5764 1717 5836 quod
1744 5763 1859 5835 quidam
1885 5780 1919 5819 ex
1944 5765 2012 5837 ipsis
2038 5764 2157 5821 desidiis

462 5843 561 5918 utique
578 5859 645 5919 crgo
662 5847 809 5917 paccatum
827 5842 912 5899 enan
927 5842 958 5899 iu
976 5842 1037 5915 ipsa
1054 5842 1195 5900 habitasse
1213 5862 1295 5918 prae·
1322 5852 1493 5920 agnoscunt,
1517 5848 1561 5906 uti
1581 5849 1708 5922 superius
1725 5847 1854 5908 vidimus.
1889 5849 1986 5909 Verba
2003 5850 2161 5910 lambardi
