5017 6675
483 550 544 612 ῃ,
1173 534 1484 594 cocusonomus

481 696 579 752 Manli
599 702 628 764 5,
651 713 676 751 v.
698 701 744 752 ts:
768 694 860 751 Anien
885 694 949 750 dico
966 693 1056 762 sabb,
1078 694 1170 746 donec
1187 694 1316 745 transeat
1338 704 1415 758 pecc
1434 706 1458 745 c
1475 694 1514 747 12.
1531 688 1630 760 prima
1647 692 1771 747 emiolia
1780 700 1902 763 peccata
1913 710 1969 748 non
1981 709 2039 748 esse
2048 694 2178 763 perfecte

482 783 589 837 coelum
616 789 642 834 et
668 790 759 850 terra,
783 782 851 850 jota
876 798 961 832 unum
988 786 1038 833 out
1063 795 1135 832 unus
1160 793 1233 847 apen
1260 793 1317 829 non
1336 783 1462 845 peccato,
1479 776 1507 829 ei
1521 794 1583 830 cum
1600 779 1765 833 nwrtalibus
1783 781 1975 849 conserantur,
1991 782 2111 849 ideoque
2129 797 2176 834 uo-

477 867 647 938 prneteribit
665 869 701 920 de
719 867 790 935 lepe,
819 869 907 920 donec
925 865 1020 921 omnia
1030 865 1113 934 fiant.
1139 881 1166 917 v.
1187 868 1232 918 te:
1263 860 1318 922 Qui
1340 861 1468 913 eubulum
1487 862 1594 932 peccati
1610 881 1665 917 non
1679 865 1850 933 praedicari
1866 866 1981 921 univoce
2000 869 2036 920 de
2049 866 2177 936 peccatis

481 969 547 1020 erpo
574 952 690 1006 soluerit
714 971 799 1005 unum
826 953 862 1004 de
884 951 1026 1004 mandatis
1051 950 1112 1003 istis
1137 947 1261 1002 minimis
1290 953 1316 999 et
1340 947 1506 1002 mortalibus
1519 956 1544 1001 et
1558 949 1721 1007 venialibus.
1750 951 1972 1022 Respondemus:
1994 952 2099 1023 gradus
2113 967 2177 1024 pec·

482 1039 607 1092 docuerit
627 1039 669 1092 sic
694 1039 831 1101 bomines,
857 1038 988 1090 minimus
1015 1036 1070 1089 erit
1094 1036 1125 1088 in
1149 1051 1235 1102 repno
1257 1048 1315 1086 coe·
1340 1038 1464 1087 catorum
1490 1050 1550 1088 esse
1573 1052 1628 1089 non
1654 1052 1803 1107 negamus3
1829 1055 1863 1093 ex
1886 1054 1919 1093 eo
1937 1045 2031 1093 autem
2051 1040 2176 1095 nondum

481 1123 587 1192 lorum,-
606 1125 635 1178 in
653 1141 736 1195 quem
753 1124 844 1179 locum
862 1123 903 1178 ita
921 1126 1123 1178 commentatur
1140 1119 1316 1175 doctissimus
1342 1118 1475 1188 sequitur,
1494 1136 1553 1173 esse
1571 1120 1708 1190 quaedam
1727 1140 1779 1177 sua
1798 1131 1899 1178 natura
1916 1124 2037 1180 venialia
2054 1130 2178 1196 pecenta¹

484 1207 659 1264 Chemnioius
678 1214 764 1266 cil.
786 1209 918 1265 Hermon.
937 1228 964 1281 p.
985 1215 1043 1264 337.
1064 1215 1093 1264 et
1110 1215 1200 1279 seqq:
1226 1206 1442 1276 Docetquibus
1465 1206 1618 1278 aequivoce
1642 1215 1749 1264 tantum
1771 1211 1879 1280 peccati
1902 1228 2002 1267 nomen
2027 1212 2176 1276 tribuatur,

486 1295 616 1351 Christus
633 1305 691 1349 tom
706 1299 825 1366 firmam,
843 1298 984 1350 immotam
1001 1304 1027 1349 et
1047 1293 1245 1348 immutabilem
1259 1308 1317 1345 esse
1341 1308 1404 1346 cum
1429 1292 1484 1346 illis
1507 1292 1574 1364 ipsis
1598 1294 1753 1350 venialibus
1777 1303 1805 1351 et
1828 1313 1928 1351 nomen
1948 1303 1976 1351 et
2001 1296 2127 1353 definitio
2150 1304 2179 1355 st

483 1381 553 1449 lepis
577 1383 754 1450 sententiam,
778 1390 809 1435 ut
827 1400 890 1436 cum
908 1382 1017 1435 eoelum
1035 1389 1061 1434 et
1081 1388 1175 1448 terra,
1198 1396 1316 1447 quorum
1342 1378 1450 1448 propria
1475 1377 1575 1434 effecta
1591 1381 1700 1451 peccati
1720 1381 1885 1436 tribuantur.
1920 1382 2098 1439 Praedicatio
2115 1385 2177 1440 uui·

482 1468 826 1535 coastitutio·firmissimc
842 1467 1010 1536 judicatur,
1033 1466 1228 1535 praeteritura
1253 1464 1316 1527 sint,
1328 1514 1330 1543 Ι
1342 1481 1411 1519 voca
1429 1464 1579 1535 opponitur
1594 1471 1653 1519 tum
1671 1468 1840 1537 aequivocae
1860 1473 1919 1523 tum
1936 1469 1969 1538 ei,
1989 1487 2060 1541 qnae
2075 1470 2178 1526 dicitur

476 1554 546 1622 ficri
561 1561 653 1606 tamea
670 1570 727 1606 non
741 1553 847 1621 possit,
863 1560 893 1605 ut
911 1553 1024 1621 aliquid
1043 1552 1073 1604 in
1091 1552 1160 1619 ispe,
1179 1551 1256 1619 quod
1272 1549 1316 1601 uel
1326 1549 1330 1631 t
1342 1546 1395 1620 ἀφ’
1421 1549 1482 1629 iric
1504 1549 1561 1605 sive
1585 1551 1745 1623 analogica,
1769 1552 1871 1608 clarius
1897 1571 1963 1625 ergo
1983 1557 2177 1626 exponendum

482 1640 624 1692 minimum
635 1639 802 1707 judicatur,
825 1639 993 1692 intercidere
1007 1638 1114 1707 passu,
1133 1637 1200 1706 quin
1221 1635 1314 1690 omnia
1341 1642 1410 1699 eret,
1435 1652 1490 1706 quo
1513 1653 1596 1691 sensu
1615 1644 1643 1691 et
1661 1655 1716 1709 quo
1733 1644 1861 1708 respectu
1880 1640 2063 1696 Bellarminus
2082 1651 2174 1714 neget,

480 1725 687 1794 perfectissima
703 1724 901 1791 satisfactione
920 1724 976 1777 rint
994 1724 1146 1792 inplenda,
1167 1730 1250 1790 atque
1264 1721 1316 1774 bac
1339 1720 1446 1790 peccati
1468 1739 1568 1777 nomen
1593 1723 1710 1778 univoce
1734 1723 1769 1779 de
1793 1725 1956 1780 mortalibus
1975 1734 2003 1781 et
2020 1727 2176 1785 venialibus

481 1811 596 1880 opponit
613 1811 791 1879 Pbarieaeis,
816 1812 867 1880 qui
887 1811 1040 1880 (sumentes
1057 1811 1108 1863 boc
1126 1810 1239 1862 aciemn
1258 1824 1316 1861 cer·
1339 1805 1503 1875 praedicari.
1539 1810 1565 1864 2.
1586 1809 1674 1863 Dicta
1700 1806 1754 1863 alla
1773 1811 1939 1881 scripturae
1963 1811 2043 1881 loqui
2065 1832 2122 1868 non
2140 1817 2176 1869 de

481 1905 539 1951 urus
557 1906 583 1950 et
599 1915 707 1967 verum,
724 1897 918 1966 adjustitiam
936 1904 963 1950 et
979 1896 1066 1949 uitam
1084 1903 1226 1949 aetenam
1244 1911 1316 1962 opus
1340 1892 1509 1962 venialibus,
1533 1897 1585 1947 sed
1609 1897 1645 1948 rte
1668 1896 1739 1948 solis
1760 1898 1926 1952 mortalibus
1946 1900 2081 1968 peccatis.
2123 1901 2176 1958 Re·

480 2000 540 2037 csse
567 1984 728 2053 impletione
753 1983 838 2052 lepis,
862 1990 945 2051 atque
965 1981 1077 2034 interim
1092 1981 1316 2033 animausertsn-
1340 1978 1521 2048 spondemus:
1547 1978 1603 2035 imo
1628 1997 1692 2035 vero
1714 1981 1743 2035 in
1763 2000 1866 2053 genere
1883 1982 2035 2054 loquuntur
2053 1986 2089 2040 dc
2108 2004 2176 2059 qua-

477 2077 535 2136 tes,
563 2068 734 2139 impossibile
763 2085 836 2136 esse,
861 2076 891 2121 nt
916 2067 1105 2121 minutissima
1134 2081 1258 2136 quaeqrm
1285 2063 1316 2116 in
1342 2080 1452 2135 cunque
1488 2067 1679 2138 cujuscunque
1707 2068 1849 2140 praecepti
1880 2071 2114 2142 transgressione,
2145 2080 2177 2131 ut

482 2156 556 2224 lepe,
573 2155 652 2210 nest
669 2155 765 2224 pratia
783 2156 819 2207 de
836 2154 1015 2208 immaioribus
1033 2153 1151 2206 motibus
1170 2154 1200 2206 in
1218 2157 1315 2217 mente,
1341 2167 1424 2205 sonus
1449 2150 1595 2207 verborum
1619 2157 1648 2207 et
1670 2153 1893 2211 circumstantiae
1918 2162 2009 2212 textus
2033 2159 2175 2216 evidenter

481 2242 621 2295 uoluntate
638 2249 664 2295 et
682 2243 775 2304 corde,
796 2242 832 2293 de
850 2240 947 2292 naevis
964 2240 1131 2308 quibusdam
1143 2238 1173 2291 in
1186 2237 1314 2306 pecuinis,
1341 2235 1497 2293 ostendunt.
1532 2241 1557 2293 3.
1576 2238 1628 2306 At,
1648 2238 1738 2310 inquit
1755 2239 1946 2308 Bellarminus,
1965 2243 1991 2294 si
2009 2242 2174 2313 Scripturas

479 2328 511 2382 in
535 2328 650 2381 oerbrdo
681 2327 793 2395 aliquo,
820 2342 853 2379 en
876 2332 934 2378 toto
961 2327 1059 2393 corde,
1086 2332 1145 2377 tota
1169 2325 1266 2378 animo
1289 2331 1314 2376 et
1340 2321 1409 2374 illae
1436 2323 1520 2376 etiam
1542 2332 1658 2392 peccata
1682 2325 1806 2379 venialia
1829 2329 2107 2399 comprehenderent,
2133 2346 2174 2384 ss-

479 2414 605 2469 omnibus
629 2414 734 2466 uiribus
754 2413 889 2482 perfecta
915 2412 1111 2477 conformitate
1133 2411 1313 2479 impleantur,
1341 2416 1471 2476 queretur
1496 2408 1620 2462 homiues
1640 2411 1737 2477 justos
1764 2411 1798 2465 ob
1823 2413 1878 2465 illo
1902 2432 1958 2466 non
1982 2415 2073 2468 solum
2091 2434 2174 2485 passe

479 2502 521 2554 ita
556 2508 587 2553 ut
622 2499 702 2553 nulla
730 2500 866 2552 sentiatur
895 2500 1041 2552 contraria
1071 2495 1313 2566 concupiscentia)
1341 2494 1481 2561 escirtere,
1508 2496 1560 2561 scd
1586 2496 1672 2548 etiam
1690 2512 1721 2548 re
1746 2496 1810 2565 epse
1835 2499 1962 2552 emutare
1986 2502 2085 2568 pratia
2107 2503 2172 2557 Dei.

471 2587 618 2654 nepetam
642 2585 727 2640 telem
750 2585 985 2653 disctinctionem,
1011 2585 1150 2637 mandata
1174 2582 1313 2651 quaedam
1340 2579 1561 2651 Respondemus:
1585 2581 1670 2653 Legis
1693 2581 1746 2636 hoc
1768 2583 1907 2652 judicium
1925 2591 1953 2640 et
1968 2585 2013 2640 hic
2030 2587 2107 2658 rigor
2123 2593 2173 2655 est,

479 2673 550 2740 lepis
573 2688 633 2726 esse
656 2672 786 2740 minima,
811 2672 950 2739 quaedam
972 2687 1036 2722 cero
1054 2687 1170 2736 mapna,
1194 2685 1228 2720 ae
1249 2668 1314 2720 licet
1340 2684 1424 2738 quum
1454 2668 1629 2739 evangelium
1659 2688 1714 2724 non
1746 2670 1839 2726 abolet
1868 2688 1919 2726 uec
1952 2672 2085 2741 destruit,
2124 2673 2173 2728 sed

480 2759 541 2827 qrsis
568 2759 598 2811 in
623 2756 765 2811 mandatis
789 2757 849 2809 illes
866 2756 988 2809 minimis
1006 2757 1042 2808 cle
1059 2755 1239 2808 interioribus
1257 2771 1313 2806 mo·
1340 2754 1460 2809 ostendit
1476 2754 1556 2808 nobis
1571 2753 1710 2809 Christum
1730 2755 1917 2822 mediatorem,
1935 2758 1984 2828 qui
2001 2765 2095 2816 nostra
2111 2760 2173 2816 laco

479 2845 551 2897 tibus
577 2852 604 2896 et
629 2843 772 2913 affectibus
799 2843 893 2896 cordis
923 2841 980 2909 lapi
1004 2842 1128 2910 perfecte
1150 2858 1206 2894 non
1231 2840 1313 2893 satis·
1340 2858 1369 2895 se
1393 2840 1514 2910 subjecit
1536 2840 1592 2911 legi
1618 2841 1789 2912 eandemque
1812 2843 2013 2911 perfectissima
2035 2862 2088 2900 sue
2106 2846 2172 2902 obe·

478 2929 587 2993 facim,-
606 2929 746 2992 simodo,
765 2927 945 2996 quantumin
965 2927 1098 2995 spsoect,
1117 2943 1218 2993 mapna
1236 2942 1313 2977 man·
1339 2925 1444 2980 dientia
1462 2925 1600 2996 implevit,
1619 2927 1686 2997 quin
1704 2934 1731 2981 et
1751 2944 1854 2997 poenas
1872 2937 2047 2998 peccatorum
2068 2939 2172 2988 nostro-

478 3018 549 3090 ἀμία
567 3019 604 3068 de
624 3014 745 3067 oeternis
764 3014 894 3084 operibus
912 3021 1016 3074 semet,
1036 3013 1116 3067 illum
1133 3030 1192 3066 esse
1203 3013 1312 3082 justum
1339 3031 1400 3066 rum
1422 3013 1451 3065 in
1469 3029 1498 3066 se
1517 3013 1634 3083 recepit:
1658 3013 1730 3068 hanc
1748 3014 1899 3083 perfectum
1917 3014 2017 3070 Christi
2030 3018 2171 3086 justitiam

477 3119 574 3156 coram
587 3103 668 3169 Deo,·
686 3118 748 3154 cum
760 3097 901 3154 mandata
920 3098 974 3154 ilia
991 3101 1026 3151 de
1044 3099 1223 3152 anterioribus
1235 3097 1312 3153 moti-
1339 3097 1420 3152 offert
1439 3098 1613 3170 evangelium
1632 3099 1763 3153 cordibus
1780 3117 1843 3155 vere
1861 3101 1995 3170 contritis,
2022 3119 2094 3173 quae
2115 3104 2173 3180 fide

458 3190 528 3258 ,bus
546 3188 760 3255 corclr's,utpate
778 3186 911 3239 derebus
929 3185 1089 3254 minutulis,
1113 3185 1169 3238 sint
1189 3184 1312 3251 minima,
1338 3183 1418 3238 nobis
1444 3184 1596 3254 imputatur
1620 3184 1699 3240 Rom.
1726 3193 1755 3255 5,
1779 3205 1804 3240 v.
1833 3193 1872 3242 15.
1894 3204 1917 3241 c.
1943 3193 1988 3256 10,
2014 3207 2039 3241 v.
2064 3195 2090 3246 t.
2109 3198 2170 3261 etc,

477 3274 543 3327 ideo
564 3274 657 3327 Deum
675 3271 751 3325 nolle
773 3271 907 3323 neminem
930 3270 1047 3340 impium
1066 3286 1176 3325 censere
1193 3278 1313 3339 propter
1340 3276 1425 3341 atque
1456 3270 1526 3325 haec
1558 3276 1600 3324 est
1631 3270 1765 3325 mirabilis
1794 3271 1843 3326 illa
1873 3273 2016 3329 consensio
2045 3275 2117 3348 legis
2145 3283 2173 3332 et

478 3361 595 3414 istorum
613 3358 870 3426 transpreseionem,
888 3358 971 3411 niodo
990 3357 1102 3427 reliqua
1120 3374 1223 3424 mapsa
1235 3375 1312 3410 mon·
1339 3356 1488 3428 evangelii,
1506 3357 1542 3413 de
1559 3374 1617 3429 qua
1632 3357 1772 3428 apostolus
1790 3359 1870 3413 Rom.
1890 3365 1919 3429 3,
1939 3379 1964 3413 v.
1982 3360 2044 3415 ult:
2070 3364 2171 3432 Lepem

478 3448 551 3500 data
574 3447 610 3499 de
635 3442 753 3498 emernis
775 3443 905 3511 operibus
923 3450 1057 3511 praestet.
1103 3440 1163 3495 Sec
1186 3440 1314 3495 Christus
1339 3460 1404 3511 erpo
1428 3444 1596 3496 destruimus
1615 3460 1671 3511 per
1686 3443 1796 3512 ficum!
1821 3446 1907 3513 alut,
1930 3447 1982 3499 sed
2005 3448 2093 3514 legem
2114 3456 2170 3501 sta·

479 3534 543 3587 buis
560 3530 747 3585 Plarisaicoe
768 3528 951 3598 persuasioni
968 3528 1084 3597 opponit
1103 3547 1187 3582 unum
1198 3529 1267 3597 jota
1287 3536 1313 3582 st
1339 3528 1457 3584 bibimus.
1492 3528 1675 3598 Evangelium
1692 3545 1748 3583 non
1765 3528 1883 3584 destruit
1899 3530 1998 3602 legem,
2014 3532 2066 3587 sed
2083 3538 2169 3589 trans·

393 3605 396 3610 ¹
478 3636 562 3673 unum
587 3616 710 3685 apicem,
735 3622 766 3668 ut
793 3615 835 3667 ita
860 3632 944 3683 quam
960 3614 1121 3681 somnsime
1138 3622 1230 3683 repet,
1254 3630 1313 3668 esse
1338 3614 1468 3669 lationem
1496 3613 1568 3686 legis
1597 3615 1701 3669 iactam
1731 3632 1790 3670 esse
1820 3617 1954 3685 ostendit,
1973 3618 2070 3680 ,docet
2097 3620 2169 3675 enim

479 3705 619 3773 quaedam
644 3702 781 3758 mndata
806 3701 837 3753 in
863 3701 923 3769 lepe
941 3700 982 3753 tta
1000 3700 1120 3768 minuta,
1144 3717 1215 3769 quae
1232 3702 1313 3754 Deus
1339 3699 1477 3756 Christum
1501 3718 1562 3756 esse
1586 3701 1771 3772 impletionem
1795 3708 1822 3756 et
1841 3701 1925 3756 finem
1943 3701 2014 3775 legis
2036 3705 2073 3760 ad
2088 3706 2169 3776 justi·

427 3802 430 3812 “
478 3808 534 3845 non
551 3789 666 3842 multum
684 3794 775 3853 curet,
795 3802 913 3855 quaerum
930 3786 1028 3848 etiam,
1045 3773 1171 3853 momnis
1188 3804 1243 3840 non
1261 3787 1312 3839 im·
1338 3788 1404 3841 tiam
1422 3787 1495 3841 omni
1516 3786 1653 3855 eredenti,
1676 3787 1750 3858 quod
1767 3786 1810 3841 lex
1829 3804 1847 3841 a
1862 3788 1942 3843 nobis
1960 3791 2088 3861 requirit,
2106 3791 2137 3844 id
2153 3808 2171 3845 a

474 3875 617 3943 pluuntur,
635 3892 692 3926 non
708 3871 745 3925 eit
759 3872 975 3925 babendaratio
991 3872 1312 3941 instatuendajustitia
1338 3872 1446 3927 Christo
1472 3890 1523 3943 pro
1550 3872 1630 3927 nobis
1656 3873 1818 3942 praestitum
1846 3890 1906 3929 esse
1932 3881 1960 3930 et
1993 3877 2087 3947 gretia
2116 3876 2168 3933 Dei

478 3961 549 4029 lepis
575 3977 670 4013 coram
693 3957 797 4022 DEO,·
822 3958 958 4010 mandata
983 3956 1056 4009 enim
1078 3958 1161 4010 DEI
1185 3966 1312 4013 constant
1338 3958 1514 4014 credentibus
1540 3958 1670 4029 imputari
1697 3958 1785 4016 docet
1821 3960 1883 4015 Hoc
1904 3977 1971 4033 ergo
1999 3969 2108 4018 tantum
2128 3982 2168 4020 se-

478 4047 577 4114 rerbis,
596 4046 679 4098 cerba
692 4051 820 4097 constant
832 4043 930 4111 literm
944 4043 1044 4095 lucras
1057 4043 1152 4096 mutis
1166 4045 1313 4113 apicibns;
1338 4042 1431 4113 quitur
1456 4060 1489 4099 ex
1514 4043 1675 4099 Bellarmini
1697 4052 1875 4116 argumento,
1900 4063 1935 4102 ne
1958 4047 2033 4118 ipsos
2055 4049 2168 4120 quidem

479 4142 507 4187 ut
535 4149 601 4201 erpa
623 4130 862 4201 perfectissimam
884 4129 955 4197 lepis
977 4128 1165 4196 impletionem
1186 4148 1310 4185 necessa·
1336 4137 1446 4184 muetos
1465 4130 1572 4201 exlege
1588 4136 1663 4185 etex
1680 4129 1810 4201 operibus
1831 4148 1923 4187 coram
1934 4132 1996 4188 Deo
2011 4134 2166 4205 justificari,
2191 4150 2194 4153 ’

477 4220 551 4274 riam
570 4234 628 4271 esse
644 4216 770 4271 Christus
789 4215 923 4280 ostendat,
940 4230 974 4265 ne
987 4231 1070 4265 unum
1084 4214 1310 4282 qnidemliterae
1336 4231 1398 4269 cum
1427 4215 1552 4271 minimos
1585 4232 1709 4287 quosque
1739 4216 1864 4272 deiectus
1896 4224 1924 4273 et
1954 4220 2165 4295 παραπτώματα

478 4306 587 4375 apicem
617 4305 719 4356 cadere
740 4300 923 4371 pronuntiat,
954 4316 1033 4369 quem
1055 4317 1111 4354 non
1137 4301 1175 4354 sit
1201 4318 1310 4355 necesse
1335 4300 1456 4370 ipsorum
1479 4302 1523 4356 lex
1542 4300 1681 4369 observet,
1706 4308 1806 4374 argunt
1824 4307 1853 4358 et
1868 4311 1994 4370 accuset,
2013 4307 2067 4362 sed
2086 4325 2166 4364 evan·

393 4386 604 4461 v1⁶&impleri5
623 4389 700 4458 quod
717 4387 790 4441 enim
803 4385 966 4439 Matthaeus
984 4385 1054 4438 dicit
1063 4386 1130 4454 jota
1143 4388 1310 4457 praeterire,
1335 4387 1439 4459 gelium
1458 4386 1592 4456 ostendit,
1619 4387 1796 4442 credentibus
1814 4388 1842 4441 in
1861 4388 2001 4445 Christum
2021 4398 2051 4450 ct
2067 4409 2166 4449 concu-

476 4477 528 4533 hoo
554 4478 647 4529 Lucas
677 4474 748 4528 dicit
773 4472 883 4542 apicem
909 4473 1018 4525 cadere.
1068 4471 1131 4525 Jod
1158 4481 1200 4526 est
1225 4473 1309 4528 litera
1334 4473 1483 4558 pisceqtias
1521 4487 1622 4543 pravas
1651 4470 1756 4543 Spiritu
1791 4474 2021 4531 mortificantibus
2050 4486 2166 4552 peccata

465 4558 674 4630 minutissimo,
700 4560 796 4628 apices
819 4575 867 4612 seu
890 4565 996 4626 puncta
1019 4557 1132 4628 cacalia
1148 4559 1242 4613 adbuc
1259 4561 1309 4614 mi·
1334 4559 1383 4614 illa
1412 4575 1469 4613 nou
1495 4556 1626 4627 imputari
1654 4562 1690 4618 sic
1716 4556 1886 4634 scrispspm
1914 4561 1987 4616 bona
2008 4569 2165 4621 renatorum

475 4667 548 4704 nora
571 4654 650 4713 curu,
675 4653 702 4698 et
727 4652 818 4697 tamen
844 4642 971 4697 Christus
990 4645 1171 4712 pronuntiat,
1196 4647 1309 4700 unicum
1334 4661 1418 4716 opera
1436 4643 1497 4698 Deo
1515 4643 1638 4712 plaeere,
1664 4644 1730 4716 quia
1748 4643 1820 4699 fiunt
1836 4662 1868 4700 ex
1888 4644 1944 4700 fide
1960 4646 1990 4701 iu
2009 4647 2163 4721 Christum
2226 4682 2232 4692 -

475 4736 538 4791 Jod
555 4742 581 4788 et
597 4731 811 4786 minutissimum
822 4738 957 4800 prunetum
975 4730 1005 4783 in
1021 4731 1081 4799 lepe
1099 4747 1130 4785 eo
1148 4732 1210 4786 loco
1228 4735 1309 4802 apud
1332 4730 1443 4786 interim
1460 4729 1607 4799 justitiam,
1625 4746 1696 4800 quae
1715 4737 1806 4785 eoram
1823 4729 1885 4787 Deo
1903 4733 2043 4807 consistat,
2062 4736 2092 4791 in
2109 4737 2163 4792 illis

472 4825 568 4878 Deum
591 4818 691 4873 baberi
696 4857 704 4886 ,
726 4823 757 4871 ut
775 4815 946 4885 priusquam
962 4825 1127 4886 praetereat
1150 4817 1194 4870 rel
1213 4820 1306 4888 cadat,
1331 4834 1384 4873 nec
1409 4815 1505 4887 quaeri
1528 4831 1579 4870 nec
1597 4815 1681 4869 statui
1697 4832 1786 4886 posse,
1807 4833 1870 4871 cum
1887 4834 1938 4873 neo
1958 4819 2085 4888 perfecta
2101 4823 2161 4891 sint,

473 4909 541 4977 quin
563 4907 732 4978 implentur,
755 4903 837 4976 prius
863 4902 968 4956 coelum
989 4910 1015 4956 et
1032 4910 1109 4957 terra
1126 4903 1184 4957 sint
1203 4907 1306 4959 nanu·
1331 4921 1383 4960 nec
1408 4900 1599 4969 immaculata,
1623 4900 1646 4954 si
1669 4901 1706 4955 ad
1730 4901 1801 4972 legis
1824 4902 1935 4959 divinas
1955 4921 2081 4962 normam
2101 4925 2163 4963 exe·

472 5003 551 5063 tura,
575 5011 610 5048 ac
630 4987 755 5063 proinde
775 4977 818 5043 ad
835 4988 906 5057 lepis
923 4988 1110 5058 impletionem
1129 4992 1251 5061 requiri,
1275 5000 1306 5045 ut
1332 4990 1477 5045 minentur.
1514 4994 1537 5043 l.
1573 4985 1670 5057 Pergit
1688 4985 1873 5043 Bellarminus
1896 4995 1924 5044 et
1941 5006 1975 5045 ex
1991 4989 2162 5063 singulorum

444 5081 566 5142 omnia
590 5079 674 5133 etiam
700 5092 787 5147 reapse
813 5076 855 5129 ad
879 5073 1095 5130 minutissimum
1122 5076 1229 5145 apicem
1255 5078 1306 5131 im·
1330 5075 1452 5131 locorum
1483 5072 1694 5127 choumstantiis
1726 5072 1853 5129 evincere
1883 5080 1999 5131 conatur
2028 5077 2063 5131 ds
2094 5095 2162 5134 mor·

452 5175 461 5192 ··
466 5157 617 5235 pluuntur,
641 5163 761 5234 perinde
784 5168 811 5217 et
827 5160 943 5231 Moyses
962 5160 1184 5215 amariorem
1201 5164 1306 5218 denum
1331 5160 1434 5217 talibus
1463 5165 1571 5213 tantum
1599 5158 1721 5229 peccatis
1752 5158 1781 5213 in
1813 5159 1851 5215 eis
1877 5161 1931 5233 agi.
1978 5161 2094 5219 Denter.
2124 5170 2164 5221 27.

471 5250 539 5318 tint,
562 5268 618 5305 non
634 5250 695 5303 illis
712 5256 831 5318 tanum,
857 5247 908 5318 qui
923 5264 979 5301 non
997 5246 1029 5299 in
1046 5248 1170 5316 magnis,
1188 5250 1240 5302 scd
1256 5251 1308 5319 qui
1327 5252 1526 5317 proponuntur
1544 5246 1681 5298 mandata
1700 5244 1783 5311 lonpe
1800 5247 1970 5313 pravissima
1989 5250 2164 5314 &descendo

471 5334 580 5392 nonin
597 5336 723 5391 omnibus
737 5333 959 5406 permanserint,
985 5348 1057 5402 quae
1074 5333 1183 5404 canpto
1200 5334 1305 5391 sintin
1330 5331 1511 5401 idololatria,
1536 5331 1642 5384 incestu
1670 5338 1695 5383 et
1723 5331 1888 5401 bomimdio,
1917 5350 1990 5403 quac
2011 5342 2078 5390 sunt
2098 5352 2164 5406 pec·

470 5422 541 5477 libro
570 5419 659 5491 isaim·
693 5428 719 5475 ct
746 5420 818 5475 mma
847 5420 974 5474 Jocabus
1007 5418 1109 5488 inquit:
1144 5418 1305 5491 Quicunque
1330 5426 1396 5472 cata
1425 5417 1533 5471 letalia.
1574 5418 1654 5485 Erpa
1684 5416 1799 5471 morum
1829 5418 1911 5487 lonpe
1933 5420 2164 5488 pumicumorum

469 5516 558 5564 totam
587 5505 675 5576 Mem
702 5506 868 5576 sanaverit,
906 5506 1030 5575 offendat
1059 5511 1151 5557 autem
1182 5506 1212 5559 in
1242 5524 1305 5575 uno,
1331 5505 1527 5558 mandatorum
1559 5503 1816 5571 transprcssoribus
1848 5505 2022 5561 solummodo
2059 5510 2165 5563 denne

463 5596 565 5659 factus
593 5600 635 5648 est
661 5609 727 5646 reru
751 5591 887 5659 omnium,
915 5606 939 5645 c.
968 5594 991 5646 2.
1020 5606 1044 5642 r.
1074 5594 1113 5644 lt).
1161 5588 1241 5646 Haec
1269 5591 1305 5645 D.
1331 5592 1418 5644 tiatur
1443 5588 1613 5645 maledictio.
1657 5586 1736 5644 Rom.
1762 5592 1791 5644 b:
1820 5589 1901 5643 illius
1925 5593 2038 5661 peccati
2061 5594 2165 5663 missn-

329 5696 455 5747 sxcspuo·
470 5678 655 5735 Chsmnicius.
1330 5676 1407 5729 dium
1430 5681 1579 5742 moreest,
1611 5675 1688 5742 quod
1708 5682 1819 5744 pugnat
1843 5692 1906 5729 cum
1928 5677 2025 5744 pratia
2049 5686 2076 5731 st
2104 5696 2166 5733 cum

328 5746 436 5841 ffi’mffl'
504 5772 544 5824 sl.
563 5764 675 5838 Excipit
686 5762 869 5821 Bellarminus
881 5763 929 5820 lib.
942 5768 964 5820 l.
975 5761 1010 5818 de
1022 5759 1113 5817 amisa
1122 5763 1192 5833 grat.
1200 5765 1300 5820 eistat.
1322 5762 1439 5832 justitia
1450 5760 1533 5815 amul
1545 5760 1697 5813 comittere
1709 5760 1810 5828 nequit.
1836 5760 1898 5817 dac.
1916 5766 1941 5817 2.
1960 5764 1997 5820 de
2010 5762 2067 5832 illa
2080 5765 2168 5833 offois,
