5017 6675
857 617 1531 708 na'auacrroraaruaraommcua.
2003 659 2042 718 85

346 806 530 879 spondemus:
547 804 845 879 't.‘Distinguendum
874 810 918 860 est
935 804 1008 859 iuter
1029 810 1122 860 actum
1140 818 1182 856 aa·
1212 802 1408 860 excludendus.
1451 811 1475 862 2.
1499 805 1626 860 Christus
1652 806 1690 861 ab
1716 811 1828 861 aeterno
1849 805 2044 876 praecognitus
2148 837 2156 847 ·

286 900 287 909 ’
345 892 508 948 tisfactiunis
534 899 564 949 et
592 895 652 964 ejus
676 892 815 949 intuitum.
856 890 974 945 Etiamsi
998 897 1078 944 actus
1102 889 1183 943 satis·
1210 893 1253 941 est
1271 894 1299 943 et
1316 891 1458 945 ordinatus
1478 892 1514 944 ad
1536 892 1655 946 salutem
1668 893 1749 947 uobis
1762 892 1980 961 promerendam,
1993 910 2043 948 nos

343 978 471 1033 factionis
496 995 514 1033 a
537 978 648 1034 Christo
674 978 824 1048 praestitae
850 994 905 1032 uon
928 976 983 1030 fuit
1001 975 1037 1029 ab
1054 981 1183 1030 aeterno:
1208 978 1303 1028 autem
1321 977 1520 1044 praedestinati
1538 996 1631 1033 sumus
1650 979 1817 1033 adsalutem
1829 978 2043 1048 assequendam:

344 1073 435 1120 11111011
453 1064 530 1134 Deo,
556 1064 623 1136 quia
646 1064 740 1119 omnia
759 1064 788 1118 iu
807 1061 973 1118 immutabili
992 1067 1020 1116 et
1038 1059 1182 1130 simplicis·
1209 1059 1288 1114 Haec
1312 1061 1398 1132 igitur
1425 1071 1490 1117 sunt
1513 1064 1717 1134 distinguenda.
1755 1069 1778 1118 ³.
1798 1064 1849 1118 Est
1867 1064 1978 1134 quidem
1997 1065 2044 1119 da·

344 1151 409 1204 simo
442 1152 479 1220 uqi
512 1152 566 1204 mis
597 1151 770 1206 aeternitatis
807 1166 874 1203 suae
907 1149 1044 1213 intuetur,
1074 1147 1181 1201 ratione
1208 1152 1316 1200 cretum
1336 1148 1476 1203 electionis
1494 1157 1649 1217 aeternum,
1672 1166 1705 1204 ac
1724 1149 1802 1204 Deus
1826 1166 1881 1202 uuo
1900 1149 2044 1218 simplicis-

344 1236 526 1306 προγνώσεως
544 1236 598 1292 fuit
616 1235 864 1308 praesentissimus.
900 1240 924 1289 2.
942 1234 1053 1303 Lapsus
1079 1232 1181 1303 primo·
1208 1231 1277 1285 simo
1296 1240 1361 1287 actu
1381 1234 1473 1288 omnia
1490 1234 1527 1289 ab
1545 1242 1656 1290 aeterno
1668 1235 1829 1304 praescivit:
1849 1234 1936 1290 Nobis
1950 1243 2044 1290 tamen

342 1340 399 1376 rum
417 1328 568 1392 pareutum
590 1322 619 1376 in
636 1324 761 1392 tempore
778 1321 891 1375 demum
902 1319 1028 1390 contigit,
1047 1323 1181 1373 ettamen
1207 1318 1426 1373 considerandus
1447 1321 1530 1388 ordo,
1556 1338 1638 1391 quem
1658 1321 1801 1390 Scriptura
1826 1320 1978 1375 infirmitati
1996 1339 2044 1376 uo·

342 1407 458 1462 intuitus
475 1409 539 1479 ejus
555 1407 592 1461 ab
611 1407 754 1462 electionis
774 1407 886 1461 decreto
904 1422 960 1460 nou
982 1402 1180 1459 excludendus.
1207 1409 1282 1459 strae
1314 1416 1573 1476 συνκαταβαίνουσα
1601 1408 1748 1477 describit,
1778 1407 1813 1463 de
1843 1423 1897 1478 quo
1923 1408 2043 1461 diximus

342 1494 451 1549 Etenim
472 1493 582 1548 ratione
604 1500 693 1546 status
718 1492 893 1547 innocentiae
916 1507 1011 1546 omnes
1039 1493 1118 1545 erant
1143 1489 1180 1541 ad
1207 1506 1299 1558 supra
1335 1492 1459 1546 Primum
1478 1494 1512 1549 de
1530 1494 1640 1549 homine
1659 1495 1801 1549 decretum
1818 1493 1887 1564 illud
1906 1498 1959 1546 est:
1989 1493 2042 1547 Fa·

341 1579 491 1651 imaginem
508 1578 576 1633 DEI
594 1578 713 1647 conditi,
745 1585 774 1633 et
794 1578 834 1632 sic
854 1578 931 1632 nulla
950 1581 1043 1648 potest
1060 1574 1101 1629 ihi
1119 1590 1180 1629 esse
1207 1575 1313 1630 ciamus
1338 1577 1477 1633 homiuem
1501 1580 1538 1633 ad
1556 1580 1704 1652 imaginem
1724 1586 1753 1634 et
1769 1578 1976 1633 similitudinem
1995 1596 2043 1634 no·

342 1665 484 1720 distinctio
510 1664 660 1719 electorum
681 1670 710 1718 et
729 1664 918 1735 reproborum.
952 1662 991 1716 Et
1015 1660 1084 1733 quid
1103 1658 1180 1712 aliud
1207 1667 1300 1715 stram
1336 1663 1477 1719 Alterum:
1495 1664 1540 1721 De
1558 1668 1631 1720 omni
1650 1666 1748 1720 arbore
1765 1665 1903 1731 comedas,
1921 1669 2042 1734 praeter·

342 1758 382 1806 eat
399 1750 510 1814 electio,
529 1767 613 1822 quam
632 1767 666 1805 ex
685 1756 817 1820 corrupta
835 1748 922 1804 totius
938 1747 1049 1819 generis
1067 1744 1181 1799 humani
1208 1763 1292 1817 quam
1316 1748 1352 1803 de
1367 1749 1474 1805 arbore
1493 1751 1626 1806 scientiae
1644 1750 1710 1805 boui
1728 1757 1757 1806 et
1773 1749 1853 1819 mali,
1876 1767 2043 1821 quacunque

342 1853 434 1891 massa
456 1836 645 1907 quorundam,
676 1835 809 1890 videlicet
836 1851 943 1901 eorum,
973 1832 1023 1904 qui
1049 1829 1180 1886 credituri
1208 1831 1422 1889 die'comederis
1441 1835 1476 1889 de
1494 1836 1559 1904 illa,
1587 1843 1674 1892 morte
1697 1836 1832 1892 morieris:
1863 1836 1925 1891 Hoc
1947 1836 2042 1891 subse·

342 1927 434 1987 eraut,
463 1923 502 1977 ad
526 1922 612 1976 vitam
635 1926 776 1976 aeternam
801 1917 978 1991 segregatio?
1015 1916 1090 1970 Hinc
1120 1915 1181 1986 ipse
1208 1918 1303 1988 quitur
1326 1920 1451 1989 tertium,
1475 1937 1531 1991 quo
1552 1920 1634 1976 homo
1653 1922 1748 1992 lapsus
1766 1939 1830 1976 cum
1847 1921 1974 1975 omuibus
1992 1937 2041 1990 po·

341 2008 443 2064 fanch.
468 2015 494 2063 5.
519 2007 556 2062 de
577 2014 633 2062 nat
657 2007 711 2061 Dei
738 2023 761 2062 c.
779 2011 802 2061 2.
829 2023 856 2076 p.
875 2010 941 2061 672:
975 2004 1104 2070 Eleatem
1129 2019 1180 2055 aes
1207 2004 1288 2058 steria
1312 2005 1393 2060 morti
1415 2013 1544 2062 aeternae
1569 2007 1759 2077 adjudicatur:
1788 2014 1847 2061 tum
1871 2007 1981 2062 demum
2000 2022 2041 2059 se·

342 2097 423 2149 Deus
449 2095 556 2148 dicitur
578 2102 644 2147 uate
660 2094 761 2146 mundi
777 2091 1014 2159 comtitutioaem,
1045 2096 1179 2158 91011111
1207 2089 1303 2160 quitur
1333 2091 1475 2145 decretum
1506 2093 1698 2162 evangelicum
1728 2093 1763 2148 de
1787 2093 1891 2148 semine
1919 2091 2042 2145 mulieris

339 2181 448 2235 aeslicet
468 2197 521 2233 aea
540 2182 574 2249 ia¹
590 2179 728 2234 communi
744 2179 884 2233 homiaem
892 2176 1073 2244 perdetur-um
1085 2191 1179 2227 messa
1204 2176 1357 2231 contrituro
1382 2182 1468 2246 caput
1491 2177 1641 2247 serpentis,
1666 2178 1695 2232 iu
1714 2179 1789 2249 quod
1807 2179 1855 2249 qui
1875 2177 1978 2246 credit,
2006 2178 2042 2232 sit

339 2266 546 2336 mmderecit,
572 2273 721 2335 umquem
745 2281 865 2318 caseum
889 2268 941 2318 ete.
977 2260 1081 2316 Piscat.
1108 2258 1178 2314 Her·
1204 2263 1365 2316 servandus.
1387 2262 1539 2318 Decretum
1552 2280 1619 2335 ergo
1630 2265 1772 2320 electionis
1787 2264 1936 2320 substernit
1948 2265 2040 2319 decre-

339 2351 420 2408 beru.
444 2370 507 2422 sup.
529 2358 551 2408 1.
569 2350 671 2421 Ephea.
694 2350 724 2404 iu
744 2350 835 2408 Schol.
860 2366 887 2420 p.
906 2353 953 2404 87:
982 2347 1093 2400 Electic
1108 2362 1178 2414 pro·
1203 2354 1263 2401 tum
1275 2350 1437 2416 creationis,
1457 2348 1617 2423 πρόγνωσιν
1627 2350 1722 2420 lapsus
1735 2357 1762 2405 et
1775 2351 1915 2406 decretum
1928 2351 1963 2405 de
1977 2351 2040 2404 mis·

334 2440 403 2509 pne
419 2439 562 2508 loquendo
582 2439 708 2503 refertus·
724 2439 766 2490 cd
783 2453 868 2504 penas
882 2433 1179 2501 humanamjemcca-
1203 2433 1347 2502 sionetilii,
1357 2435 1386 2489 in
1400 2452 1482 2506 quem
1497 2437 1545 2508 qui
1557 2436 1654 2506 credit,
1664 2453 1728 2492 eum
1739 2437 1847 2491 salvare
1858 2436 1936 2491 Deus
1948 2437 2040 2492 decre·

285 2525 431 2578 “ditare
448 2531 476 2577 et
495 2525 608 2593 lapsum
625 2524 656 2577 s'a
672 2530 796 2576 mertem.
824 2521 871 2578 Sic
891 2537 957 2590 ergo
975 2518 1177 2590 progredimur.
1204 2520 1251 2573 vit.
1285 2527 1309 2576 4.
1321 2520 1480 2576 Dilucidius
1501 2539 1545 2578 res
1566 2523 1606 2577 sic
1624 2528 1717 2593 potest
1735 2522 1860 2593 proponi.
1891 2522 2041 2577 Constituit

338 2610 581 2677 Quemadmodum
603 2608 698 2680 lapsus
719 2607 801 2662 Adae
816 2607 846 2662 in
862 2613 986 2677 tempore
1004 2603 1130 2675 contigit,
1149 2609 1179 2658 et
1204 2606 1282 2661 Deus
1302 2606 1339 2661 ab
1358 2613 1471 2662 aeterno
1490 2624 1523 2662 ex
1542 2625 1618 2683 mera
1637 2609 1768 2674 bonitate,
1786 2608 1925 2663 homiuem
1943 2609 1979 2662 ad
1998 2607 2041 2662 sui

339 2704 448 2761 tamem
476 2703 555 2751 extra
574 2696 636 2766 ejus
654 2698 811 2765 respectum
830 2710 887 2748 uon
906 2697 949 2746 est
963 2691 1041 2746 facta
1064 2689 1177 2757 electi03
1204 2691 1354 2763 imaginem
1377 2710 1487 2761 creare,
1513 2700 1655 2763 mearet,
1681 2712 1697 2749 a
1722 2712 1777 2765 quo
1796 2702 1994 2765 agnosceretur
2012 2699 2042 2748 et

340 2783 380 2837 ita
396 2799 510 2854 quoque
526 2781 680 2836 satisfactio
698 2779 812 2835 secundi
825 2778 914 2846 Adae,
933 2777 1063 2832 videlicet
1074 2774 1176 2830 Christi
1203 2778 1407 2849 celebraretur,
1436 2786 1464 2835 et
1489 2780 1537 2851 qui
1566 2798 1630 2834 cum
1652 2780 1713 2851 ipso
1735 2788 1848 2835 aeterna
1867 2780 2041 2836 beatitudine

338 2869 370 2923 iu
386 2875 512 2938 tempore
530 2868 661 2939 contigit,
688 2873 717 2922 et
733 2873 827 2921 11111111
844 2870 923 2921 extra
941 2864 1002 2934 ejus
1020 2868 1177 2932 respectum
1203 2865 1399 2935 perfrueretur.
1443 2865 1589 2920 Praecidit
1612 2873 1705 2920 autem
1731 2866 1870 2920 hominem
1896 2865 2040 2935 lapsurum

340 2956 435 3010 itidem
456 2970 512 3008 uon
537 2961 579 3009 est
600 2954 677 3009 facta
696 2953 803 3008 electio.
839 2958 863 3007 3.
881 2950 925 3005 Ac
944 2948 1177 3023 quemadmodum
1204 2955 1233 3005 et
1261 2968 1325 3005 cum
1351 2951 1424 3004 omni
1450 2968 1502 3006 sua
1524 2952 1700 3021 posteritate,
1729 2968 1801 3021 quae
1824 2958 1883 3006 erat
1906 2952 1936 3004 iu
1952 2950 2040 3022 ipsius

339 3041 429 3111 Apoc.
448 3046 494 3109 13,
512 3057 537 3095 r.
557 3045 580 3096 Β.
600 3040 713 3108 dicitur,
742 3040 820 3108 mod
838 3039 936 3105 Agaue
956 3036 1049 3114 (Dei)
1069 3035 1177 3088 occisus
1203 3035 1320 3104 lumbis,
1347 3053 1377 3091 se
1399 3053 1416 3091 a
1440 3040 1566 3092 creatore
1590 3053 1764 3091 aversurum:
1791 3037 1935 3092 coustituit
1953 3037 2039 3109 igitur

338 3128 376 3180 sit
393 3128 430 3179 eh
448 3127 560 3194 origiue
578 3125 691 3194 mundi,
708 3125 816 3180 ratione
836 3122 938 3179 decreti
956 3120 1050 3185 divini,
1071 3121 1176 3175 ratione
1203 3121 1309 3176 homini
1327 3139 1378 3193 per
1394 3121 1507 3176 fraudes
1524 3129 1639 3178 satanae
1651 3124 1768 3192 decepte
1779 3122 1901 3177 vicissim
1913 3122 2040 3177 1111111111

338 3212 563 3285 promissionum,
580 3211 686 3265 ratione
698 3215 829 3281 typorum
846 3215 875 3264 et
892 3208 997 3263 ratione
1018 3205 1176 3274 efficaciae3
1203 3208 1289 3263 etsie
1308 3207 1415 3263 invenit
1431 3208 1567 3277 remedia,
1588 3209 1690 3281 quibus
1709 3210 1812 3264 amissa
1832 3209 1907 3263 salus
1925 3210 1977 3279 ipsi
1996 3225 2039 3263 re·

337 3298 378 3353 ita
402 3298 487 3354 etiam
510 3313 656 3368 possumus
675 3296 779 3359 dicere,
806 3295 881 3367 quod
901 3292 1052 3349 safisfactio
1073 3291 1176 3348 Christi
1203 3293 1280 3349 stitui
1304 3300 1411 3366 posset,
1440 3295 1557 3365 proinde
1581 3295 1648 3351 fecit
1674 3295 1815 3351 decretum
1841 3296 1876 3350 de
1904 3295 2039 3352 mittendo

337 3384 484 3457 profuerit,
502 3389 651 3454 antequam
670 3382 761 3437 fuerit
798 3389 821 3438 t.
840 3381 914 3446 Quid
933 3379 1025 3435 enim?
1043 3377 1184 3451 interho·¹
1201 3379 1259 3436 filio
1286 3381 1316 3436 in
1343 3398 1454 3437 carnem
1478 3388 1508 3438 et
1531 3382 1566 3463 dq
1586 3382 1729 3438 beneficiis
1754 3384 1813 3454 ejus
1834 3382 1994 3437 obedientia
2012 3388 2041 3438 et

336 3471 425 3525 mines
456 3469 567 3540 saepius
596 3470 714 3523 adversa
742 3484 807 3539 pars
838 3467 994 3521 futurorum
1030 3470 1174 3535 pactorum
1202 3467 1393 3524 satisfactione
1411 3469 1498 3539 partis
1515 3487 1566 3540 per
1585 3468 1722 3540 evangelii
1740 3468 1974 3538 praedicationem
1986 3470 2039 3523 toti

336 3555 505 3611 certitudine
533 3555 662 3626 placatur
690 3559 719 3609 et
744 3552 957 3615 reconciliatur,
988 3567 1053 3605 cum
1081 3558 1174 3606 tamen
1201 3554 1305 3608 mundo
1335 3554 1491 3610 offerendis.
1538 3555 1682 3611 Praecidit
1708 3559 1801 3609 autem
1827 3555 1962 3625 quosdam
1988 3572 2038 3623 per

336 3644 428 3696 omnis
457 3643 538 3696 homo
570 3643 703 3708 menduc,
736 3639 840 3696 Psalm.
860 3643 921 3707 116,
948 3655 974 3693 1.
995 3644 1035 3704 11,
1070 3642 1173 3708 quanto
1200 3638 1271 3693 illud
1298 3640 1412 3694 verbum
1440 3639 1564 3695 efficacia
1588 3638 1707 3709 Spiritus
1731 3658 1753 3693 s.
1778 3639 1945 3701 credituros,
1974 3638 2037 3693 reli·

334 3728 426 3800 magis
454 3728 590 3798 promissa
617 3726 666 3780 illa
690 3742 741 3797 per
765 3724 907 3779 Christum
931 3723 1120 3778 satisfactione
1145 3723 1174 3777 iu
1201 3741 1270 3795 quoa
1297 3741 1349 3779 sua
1376 3726 1459 3796 culpa
1486 3725 1644 3780 incredulos
1666 3740 1824 3788 mansuros3
1855 3717 2036 3795 illos'elegit,

334 3813 511 3887 plenitudiue
536 3812 667 3883 temporis
691 3810 860 3884 praestanda
880 3809 944 3865 Gal
962 3817 994 3877 4,
1018 3827 1044 3863 v.
1065 3817 1089 3864 4.
1114 3808 1172 3879 pla·
1199 3809 1249 3864 hos
1268 3811 1433 3880 reprobavit.
1471 3818 1494 3866 5.
1512 3810 1620 3867 Referri
1640 3810 1695 3865 huc
1707 3816 1831 3882 possunt,
1852 3827 1924 3880 quae
1941 3810 2035 3880 dispu-

322 3900 393 3962 'casi
421 3899 500 3955 Deus
528 3900 631 3970 potuit,
662 3916 726 3954 cum
753 3898 881 3952 Chr-istm
907 3898 944 3951 ss’t
970 3898 1036 3966 ipse
1068 3896 1174 3949 sardas
1200 3900 1242 3950 tat
1270 3896 1392 3951 Thomas
1419 3915 1446 3967 p.
1473 3902 1496 3955 3.
1527 3915 1573 3968 qu.
1599 3904 1639 3955 24.
1669 3903 1720 3953 art.
1747 3906 1776 3953 4:
1808 3898 2037 3951 Pruedeatiuutic

334 3985 399 4042 Joh.
419 3992 503 4053 14,1.
522 3991 546 4042 6.
583 3992 606 4041 5.
625 3984 702 4054 Cape
721 3985 760 4039 sic
779 3989 981 4056 argumentum.
1018 3981 1077 4037 Aut
1093 3997 1172 4053 prae-
1201 3981 1308 4036 Ctriati
1324 3983 1354 4049 (i.
1368 4001 1391 4038 e.
1409 3983 1547 4038 ordinatio
1563 3984 1618 4039 ista
1635 3991 1747 4039 aeterno
1758 3982 1812 4038 Dei
1832 3983 1942 4037 decreto
1962 3982 2039 4038 facta

334 4072 417 4127 scivit
442 4071 521 4126 Deus
547 4070 624 4125 illam
651 4070 755 4125 Christi
777 4069 1009 4132 satisfactionem,
1040 4074 1090 4144 aut
1117 4084 1173 4122 uon
1200 4069 1235 4123 de
1259 4069 1466 4139 incarnatione,
1497 4071 1627 4140 passione
1653 4077 1681 4125 et
1704 4069 1893 4126 satisfactione
1914 4068 1975 4137 filii)
1997 4078 2038 4124 est

335 4157 494 4230 praescivit
531 4156 613 4210 Prius
632 4155 724 4211 dicere
741 4162 785 4210 est
801 4154 965 4226 ἆθεόλογον.
1004 4153 1034 4209 Si
1051 4153 1172 4225 praesci-
1200 4173 1289 4209 cereas
1306 4165 1419 4210 nostrae
1431 4158 1719 4225 praedestinationis,
1738 4175 1792 4209 uon
1812 4156 1925 4225 quidem
1943 4174 2038 4210 secuu-

335 4244 388 4311 vit,
413 4250 465 4298 aut
487 4242 561 4296 illius
578 4241 732 4312 irpdyrnea
754 4242 880 4312 placatus
898 4247 957 4305 est,
983 4245 1033 4295 aut
1050 4237 1168 4294 minime.
1200 4243 1267 4295 dum
1292 4250 1399 4310 amum,
1432 4260 1494 4297 crem
1520 4262 1577 4297 ano
1603 4252 1628 4297 et
1654 4244 1750 4296 eodem
1775 4251 1839 4296 actu
1856 4244 1938 4298 Deus
1951 4260 2036 4311 prae-

336 4328 479 4385 Posterius
498 4328 555 4383 dici
571 4328 682 4400 nequit:
699 4328 766 4400 quia
785 4327 854 4384 haec
871 4327 984 4383 victima
1001 4326 1031 4381 in
1048 4331 1173 4397 tempore
1200 4329 1382 4382 0111111110111
1401 4327 1541 4383 Christum
1560 4338 1586 4382 et
1606 4345 1669 4392 uos,
1695 4329 1748 4381 sed
1770 4330 1920 4381 secuudum
1942 4330 2034 4382 termi-

336 4415 460 4471 cxhibita
478 4414 534 4471 fuit
551 4413 742 4485 propitiatoria
760 4431 810 4485 pro
821 4413 1065 4485 peccatismuudi.
1096 4414 1172 4485 Ergo
1198 4431 1272 4467 aum.
1318 4413 1367 4467 Sic
1394 4416 1467 4467 enim
1494 4418 1574 4468 Deus
1596 4415 1815 4483 praeordinavit
1841 4416 1960 4470 salutem
1987 4434 2034 4470 uo·

337 4502 419 4558 ctiam
446 4502 508 4572 ejus
533 4498 691 4573 προγνώσις
714 4509 743 4556 et
767 4499 885 4555 intuitus
912 4499 950 4555 ab
968 4506 1082 4556 aeterno
1100 4501 1172 4570 ejus·
1198 4507 1302 4561 stram,
1330 4508 1360 4552 at
1381 4517 1437 4568 per
1463 4499 1604 4553 Christum
1632 4501 1824 4569 compleretur.
1869 4500 1949 4556 Haec
1979 4502 2034 4556 ille.

336 4587 398 4644 dem
422 4586 567 4643 efficaciae
587 4587 649 4642 fuit.
671 4586 861 4658 ‘Relinquitur
884 4602 951 4657 ergo
973 4586 1076 4640 intuitu
1093 4586 1173 4640 satis·
1198 4584 1344 4640 Monemus
1360 4592 1453 4641 tamen
1471 4603 1567 4641 vocem
1584 4586 1846 4656 praedestinationis
1859 4604 2035 4656 καταχρηστι-
2047 4596 2082 4639 tv.
2096 4595 2143 4639 111.

335 4674 463 4730 factionis
481 4672 584 4728 Christi
601 4673 630 4727 in
647 4678 771 4743 tempure
789 4671 962 4727 exhibendae
978 4671 1068 4728 Deum
1086 4671 1173 4727 fuisse
1198 4674 1252 4732 κῶς
1268 4670 1309 4727 ita
1325 4671 1460 4740 usurpari,
1479 4671 1554 4742 quod
1573 4672 1645 4725 euim
1662 4672 1740 4727 Rom.
1763 4679 1786 4742 1,
1804 4691 1830 4726 1.
1848 4680 1871 4728 t.
1909 4674 2034 4729 Christus

335 4760 491 4830 placatum:
520 4757 640 4830 ideoque
670 4759 707 4814 ab
733 4758 875 4813 electionis
901 4757 1014 4813 decreto
1042 4758 1172 4813 intuitum
1199 4757 1301 4811 dicitur
1332 4756 1555 4827 praedestinatus
1593 4758 1646 4813 Dei
1676 4758 1766 4829 filius,
1803 4760 1832 4813 id
1861 4776 1894 4813 ex
1927 4760 2048 4814 Graece·

335 4844 419 4900 istum
438 4862 495 4900 nou
515 4860 596 4914 posue
614 4845 731 4899 excludi.
768 4850 792 4900 6.
808 4844 944 4899 illustrari
958 4844 1028 4899 haec
1039 4845 1172 4916 quodam·
1198 4844 1300 4898 rectius
1319 4842 1449 4910 vertitur,
1473 4843 1548 4915 quod
1572 4851 1648 4899 certo
1666 4845 1869 4901 demonstratus
1892 4863 1925 4901 ac
1943 4846 2035 4900 decla·

335 4930 418 4987 mode
439 4936 555 5001 possunt
577 4930 702 4999 exemplo
724 4931 870 5001 cujusdam
893 4931 922 4985 in
942 4930 1106 5001 captivitate
1126 4931 1171 4985 de
1198 4935 1277 5014 ratus·
1292 4928 1328 4983 sit
1344 4929 1398 4984 Dei
1417 4927 1498 4983 tilius.
1534 4936 1558 4986 6.
1580 4929 1705 4985 Observa
1722 4932 1820 5002 igitur,
1838 4932 1950 5001 quando
1967 4932 2034 4985 dici-

334 5017 413 5086 teutt,
433 5015 481 5087 qui
499 5022 612 5085 propter
629 5015 733 5072 factam
752 5015 853 5090 λύτρον
874 5016 1082 5088 promissionem
1103 5016 1172 5072 libe·
1198 5023 1245 5071 tur
1274 5017 1406 5071 intuitum
1434 5017 1524 5073 meriti
1556 5016 1657 5072 Christi
1693 5034 1753 5072 esse
1782 5034 1893 5071 causam
1924 5025 2035 5074 nostrae

286 5162 291 5170 ,
334 5109 426 5167 ratur,
455 5101 565 5157 etiamsi
589 5102 673 5173 longo
696 5103 807 5158 demum
829 5110 953 5174 tempore
977 5103 1094 5158 actualis
1112 5105 1172 5174 ejus
1198 5102 1473 5172 praedestinationis,
1492 5122 1546 5160 non
1565 5105 1613 5175 agi
1633 5104 1667 5158 de
1685 5104 1781 5158 ordine
1801 5105 1949 5172 temporis,
1968 5105 2035 5174 quia

334 5187 489 5260 persolutio
508 5193 649 5258 sequatur.
1198 5190 1291 5244 omnia
1310 5189 1356 5243 hic
1374 5196 1501 5259 aeterna3
1524 5190 1610 5246 nihilo
1627 5198 1720 5245 tamen
1738 5190 1837 5250 miuus,
1857 5207 1913 5261 quo
1932 5193 1968 5245 ad
1987 5210 2034 5247 na·

285 5288 311 5348 ra
371 5280 429 5330 159.
464 5273 582 5344 Argum.
607 5273 645 5327 Π.
690 5272 818 5328 cumen
851 5275 911 5345 ipse
940 5276 1172 5345 praedestinatus
1197 5280 1278 5331 turae
1302 5277 1427 5332 ordinem
1452 5277 1578 5331 salvandi
1597 5277 1672 5346 prius
1691 5275 1843 5329 secuudum
1861 5280 2033 5349 propositum

285 5350 323 5433 τ’
335 5368 375 5413 cst
397 5360 435 5414 ah
462 5367 574 5413 actem
603 5364 625 5416 1.
641 5358 717 5417 Petr.
744 5366 773 5428 1,
798 5378 824 5413 1.
848 5366 888 5416 20.
931 5360 1060 5415 Christus
1085 5379 1171 5431 prae-
1199 5362 1301 5416 salvari
1332 5363 1464 5432 praesciti
1493 5369 1574 5430 suut,
1613 5378 1696 5433 quam
1726 5361 1764 5414 ad
1796 5362 1914 5418 salutem
1946 5365 2034 5421 electi.

285 5453 305 5527 f·
332 5446 462 5515 ’0091111111
481 5452 545 5497 ante
562 5445 662 5498 mundi
681 5445 907 5503 coactituticnem.
937 5448 1017 5515 Erpa
1034 5465 1091 5501 aea
1105 5456 1171 5516 pot·
1197 5447 1277 5505 Rom.
1300 5454 1329 5517 Β,
1348 5466 1374 5504 v.
1394 5455 1440 5505 29:
1474 5448 1547 5510 Ques
1560 5448 1729 5516 praescivit,
1757 5466 1804 5502 coa
1817 5452 2033 5518 pradestinavit,
2100 5486 2107 5497 .

333 5539 374 5585 cat
397 5546 456 5585 esce
476 5547 564 5583 carrea
580 5530 729 5584 electionis.
766 5530 987 5602 Respondemus:
1015 5538 1037 5587 1.
1057 5532 1171 5588 Iuverti-
1199 5534 1324 5603 superior
1348 5536 1443 5606 itaque
1469 5534 1603 5590 electione
1626 5534 1825 5603 praescientia3
1853 5544 1971 5608 utraque
1989 5557 2034 5593 su·

297 5627 299 5632 ·
332 5633 396 5672 mus
413 5623 624 5688 argumentum:
644 5616 769 5671 Christus
787 5633 850 5671 cum
870 5619 1171 5690 suomeritoestprae·
1198 5619 1291 5690 perius
1319 5626 1363 5676 est
1378 5620 1574 5691 propositum..
1598 5619 1687 5690 Atqui
1711 5623 1881 5692 propositum
1906 5623 2032 5677 salvandi

333 5702 465 5774 cognitus
482 5707 548 5756 ante
567 5700 790 5756 constitutionem
809 5704 914 5765 mundi,
934 5709 963 5759 et
979 5705 1077 5758 electio
1088 5707 1171 5770 secte
1197 5705 1318 5761 includit
1329 5706 1468 5762 Christum
1481 5704 1535 5760 tide
1551 5705 1830 5776 apprehendendum:
1850 5708 1918 5762 alias
1931 5708 2032 5764 DEUS

332 5797 376 5844 eat
392 5787 463 5844 κατὰ
481 5788 656 5860 πρόγνωσιν,
682 5794 704 5843 1.
721 5787 796 5843 Petr.
821 5794 849 5859 l,
874 5807 900 5843 1.
920 5795 943 5844 1.
978 5790 1085 5861 Utique
1105 5805 1172 5861 ergo
1197 5792 1279 5848 aliter
1302 5792 1436 5861 salvaret,
1463 5806 1547 5861 quam
1569 5791 1678 5848 salvare
1703 5792 1876 5848 decrevisset.
1911 5793 1987 5864 Ergo
2004 5800 2033 5849 et

331 5874 457 5966 intuitus¹
479 5873 570 5929 meriti
595 5870 697 5930 Christi
720 5890 740 5930 a
763 5873 875 5932 decreto
895 5875 1038 5933 electionis
1055 5892 1111 5934 ucu
1128 5884 1172 5941 est
1198 5878 1382 5948 praescientia
1404 5884 1433 5936 et
1455 5875 1569 5948 electio,
1597 5894 1670 5952 quae
1690 5879 1843 5936 secundum
1859 5880 2031 5951 propositum
