5017 6675
444 675 483 735 tt
1119 662 1243 726 LOCUS
1266 658 1455 724 strumus

442 824 509 881 locis
535 830 602 880 actu
628 825 812 896 praedicatur.
852 822 909 880 scd
930 822 1000 880 haec
1017 823 1139 879 brevitas
1156 820 1279 879 uberiori
1304 820 1374 875 Erat
1388 820 1464 875 enim
1480 817 1699 890 prophetalia
1715 823 1756 886 to,
1773 830 1800 873 v.
1817 824 1842 889 t,
1859 830 1923 874 curu
1933 816 1982 873 illo
1995 824 2024 874 st
2037 819 2145 876 semine

442 910 626 983 explicatione
640 912 755 983 indiget
1305 909 1365 977 ojus
1384 905 1482 962 strum
1492 904 1593 962 DllUS
1612 913 1725 977 pectam
1743 922 1825 961 suurn
1840 905 1953 962 foedere
1971 905 2144 976 aempitsrno

480 1004 537 1054 tat.
578 998 651 1053 Dico
675 1014 755 1070 ergo,
785 996 877 1052 Deum
902 996 992 1051 tribus
1017 996 1124 1052 vicibus
1148 994 1279 1050 omnibns
1305 992 1405 1048 Gener.
1425 999 1464 1060 11,
1480 1009 1506 1046 v.
1525 999 1549 1060 1,
1568 991 1609 1046 lta
1626 998 1659 1047 nt
1676 992 1752 1063 apud
1769 991 2040 1063 posterosAbrebae
2056 990 2146 1046 inerit

443 1084 556 1138 omnino
578 1084 734 1139 bominibus
757 1082 873 1138 verbum
898 1100 978 1138 snum
997 1083 1149 1150 revolasse,
1173 1082 1280 1137 scilicet
1305 1087 1402 1152 postea
1420 1080 1501 1135 aedae
1519 1094 1602 1134 verae
1616 1078 1760 1135 ecclesiae.
1784 1080 1974 1133 Aeemtsbost
1985 1078 2066 1133 Deae
2082 1090 2144 1131 m·

316 1228 319 1235 ,
443 1169 473 1224 in
490 1170 615 1241 Adamo,
640 1176 703 1241 post
723 1169 870 1223 diluvium:
898 1176 927 1223 et
943 1174 1067 1239 tempore
1084 1167 1278 1239 apostolorum.
1306 1169 1368 1220 dum
1394 1184 1476 1220 saum
1500 1166 1609 1233 Jacob,
1643 1172 1751 1219 statuto
1773 1173 1801 1219 et
1818 1165 1936 1234 judicio
1956 1182 2010 1220 ese
2035 1162 2146 1219 lmett

328 1264 367 1308 tv.
381 1260 430 1306 ¹0·
446 1261 468 1312 1.
492 1254 609 1311 crsetm
634 1262 694 1311 erat
717 1255 843 1310 Adsmus
870 1256 906 1310 ad
930 1255 1079 1326 imaginem
1102 1253 1170 1321 Dei,
1199 1253 1278 1323 cnjus
1306 1253 1351 1308 Pa.
1374 1258 1439 1319 111,
1463 1269 1489 1306 s.
1511 1258 1552 1308 19.
1586 1251 1652 1305 Noe
1670 1252 1748 1319 feeit
1772 1250 1870 1305 taliter
1887 1252 1965 1305 omni
1987 1250 2102 1305 actioni
2116 1256 2146 1304 ct

443 1358 509 1413 pars
527 1348 587 1396 erat
604 1342 688 1413 plena
706 1342 754 1396 lux
771 1342 882 1396 divinae
898 1340 1048 1414 agnitionis
1066 1341 1096 1395 in
1114 1347 1206 1395 ments
1225 1338 1279 1394 inl-
1304 1338 1415 1408 jarts'oio
1440 1355 1493 1390 soe
1516 1354 1573 1390 eoo
1595 1337 1789 1405 manifestavit
1809 1337 1851 1391 eis
1876 1354 1902 1391 r.
1920 1343 1961 1393 to.
1998 1343 2024 1393 b.
2043 1336 2145 1408 Neque

443 1444 527 1500 gans:
545 1433 694 1498 acceperat
711 1434 802 1483 autem
820 1426 889 1483 baec
905 1427 979 1482 dona
996 1444 1046 1497 pro
1066 1444 1096 1481 se
1110 1432 1139 1481 ct
1149 1425 1279 1496 postems:
1305 1432 1397 1480 tamen
1415 1422 1467 1478 boc
1485 1423 1525 1478 ita
1543 1421 1735 1492 accipiendum
1751 1427 1807 1492 cst,
1834 1420 1914 1493 qnasi
1932 1422 2058 1494 reliques
2075 1438 2144 1495 gem-

443 1500 604 1585 postquam¹
617 1512 704 1585 igitur
725 1513 814 1568 libera
836 1514 978 1569 voluntate
997 1530 1034 1568 so
1053 1529 1070 1568 a
1087 1512 1149 1567 Deo
1172 1510 1279 1578 evertit,
1306 1517 1348 1565 tes
1366 1526 1460 1565 omnes
1479 1509 1605 1565 absolute
1616 1508 1653 1564 ab
1665 1509 1739 1564 omnl
1750 1509 1910 1582 cognitione
1921 1508 1988 1565 ont
1999 1510 2144 1565 uolutat:

446 1599 541 1655 itidem
559 1614 592 1654 ea
619 1606 647 1654 et
665 1598 719 1653 sibi
739 1605 767 1654 et
785 1598 902 1670 posteris
920 1599 1018 1654 amisit
1054 1598 1082 1655 si
1100 1599 1143 1654 vel
1162 1597 1279 1652 maxime
1307 1598 1357 1651 sed
1374 1596 1478 1667 psaltes
1496 1595 1620 1667 loquitur
1636 1602 1810 1667 comparate,
1828 1596 1904 1666 quod
1921 1595 2028 1651 scilicet
2044 1594 2146 1651 taliter

444 1686 521 1741 Deus
538 1685 608 1740 nulli
625 1684 765 1740 hominum
778 1692 876 1756 postca
889 1685 932 1739 sui
944 1685 1129 1756 cognitionem
1140 1684 1279 1751 donasset,
1307 1681 1407 1739 DEUS
1424 1698 1476 1735 sua
1489 1681 1599 1752 judicia
1615 1697 1672 1737 non
1683 1682 1902 1737 manifestaverit
1912 1681 2052 1753 gentibus,
2070 1696 2146 1754 quae

441 1772 511 1827 illud
527 1777 621 1826 tamen
640 1787 696 1825 non
715 1777 788 1826 esset
799 1771 1006 1827 asscribendum
1024 1770 1151 1825 absoluto
1169 1770 1280 1825 cuidam
1307 1786 1357 1823 sue
1381 1773 1410 1824 et
1435 1770 1571 1839 majorum
1594 1767 1677 1838 culpe
1692 1768 1807 1821 verbum
1820 1768 1976 1849 amiserant.
2005 1767 2081 1833 Quin
2096 1782 2147 1839 po-

443 1858 567 1921 decreto,
596 1858 645 1912 sed
664 1856 757 1927 potius
783 1856 882 1912 inieset
899 1857 1056 1927 justissima
1077 1872 1167 1926 poena
1184 1855 1280 1925 lapsus
1307 1856 1361 1910 tius
1382 1855 1465 1910 variis
1487 1854 1705 1926 profectionibus
1723 1854 1956 1926 patriarcharum,
1980 1854 2146 1926 captivitate

444 1943 581 2012 Adamici.
613 1949 637 1997 t.
654 1942 710 1998 Sed
727 1942 803 1996 Dens
822 1958 855 1997 cn
874 1943 1007 1997 immense
1023 1959 1075 1996 sua
1092 1938 1280 1996 misericordia
1307 1942 1481 2015 Babylonica
1499 1941 1670 1998 iudaeorum
1691 1947 1719 1996 et
1735 1940 1798 1994 aliis
1814 1941 1926 2005 mediis,
1945 1939 2024 1997 Dens
2042 1941 2146 1997 nultos

443 2037 506 2102 post
525 2029 633 2100 lapsum
653 2046 685 2083 ex
704 2045 806 2083 arcana
823 2029 976 2099 majestatis
988 2044 1054 2082 suae
1072 2026 1138 2083 aede
1149 2027 1280 2097 prodiens
1307 2030 1424 2101 gentiles
1442 2029 1478 2083 ed
1495 2027 1628 2083 eccleciae
1641 2026 1809 2083 consortium
1822 2027 1939 2083 vocarit
1966 2034 1991 2083 o.
2003 2024 2145 2099 Populum

392 2103 396 2113 ¹
443 2115 603 2172 concionem
619 2115 810 2186 evangelicam
823 2114 859 2169 de
873 2114 977 2169 sernine
993 2112 1117 2168 mulieris
1128 2113 1279 2168 contrituro
1308 2115 1489 2171 lsrailiticum
1510 2114 1539 2168 in
1564 2113 1666 2168 illustri
1691 2113 1754 2168 loco
1774 2113 1920 2168 constitnit
1942 2119 1972 2170 et
1995 2112 2145 2169 ecclesiam

444 2209 528 2272 caput
552 2201 688 2271 serpentis
706 2201 816 2255 Ademo
840 2199 999 2270 proposuit,
1026 2205 1110 2270 atque
1132 2199 1172 2253 ita
1188 2199 1278 2255 lucem
1308 2220 1341 2258 ex
1363 2219 1396 2257 eo
1419 2201 1564 2257 collectam
1589 2196 1731 2254 miraculis
1746 2204 1776 2254 ct
1791 2199 1927 2271 prodigiis
1945 2199 1974 2253 in
1992 2206 2145 2270 conspectu

443 2286 610 2359 cognitionis
622 2302 689 2340 suae
701 2285 726 2340 ei
739 2285 858 2340 vicissim
870 2285 1006 2353 accendit,
1021 2285 1093 2340 hanc
1103 2284 1179 2340 verbi
1189 2282 1278 2340 lucem
1307 2288 1431 2361 gentium
1457 2288 1592 2342 illustrem
1609 2300 1642 2340 ac
1658 2285 1796 2341 celebrem
1813 2285 1951 2355 reddidit,
1977 2286 2018 2340 ita
2034 2292 2067 2340 ut
2084 2302 2143 2340 om·

444 2382 473 2429 et
489 2373 626 2427 revelatae
645 2371 788 2427 doctrinae
800 2372 950 2442 puritatem
967 2388 1062 2426 omnes
1073 2371 1154 2427 Adae
1168 2372 1285 2442 posteri,
1307 2390 1356 2430 nes
1374 2374 1492 2446 populos
1517 2378 1669 2440 constaret,
1696 2388 1757 2428 essa
1782 2372 1811 2428 in
1830 2372 1991 2428 Palaestine
2008 2372 2145 2443 populum

444 2458 578 2513 admoniti
603 2455 765 2529 gravissimo
789 2458 914 2527 parentis
931 2457 1027 2527 lapsu,
1051 2456 1213 2512 debuissent
1232 2475 1279 2512 cu·
1307 2461 1460 2533 quendam,
1485 2463 1566 2531 cujus
1590 2460 1683 2514 cultna
1699 2460 1844 2531 stupendis
1862 2458 1999 2531 prodigiis
2016 2466 2047 2514 et
2061 2460 2146 2513 mira·

444 2543 560 2599 stodire:
578 2544 627 2599 sed
645 2543 738 2598 statim
756 2542 825 2599 Cain
842 2561 875 2598 er
892 2542 1004 2611 invidia,
1023 2543 1199 2613 superbisset
1216 2544 1280 2598 odio
1307 2548 1377 2603 culis
1404 2547 1441 2602 sit
1465 2546 1598 2601 divinitus
1623 2543 1810 2602 conflrmante.
1854 2545 1938 2601 Hune
1962 2545 2036 2602 eninr
2059 2544 2145 2601 tinem

445 2630 592 2686 committit
611 2629 806 2699 fratricidium,
825 2646 858 2684 ac
877 2629 1105 2700 desperabundus
1123 2629 1180 2685 exit
1197 2650 1215 2684 o
1232 2632 1278 2692 fo·
1308 2633 1495 2706 prodigiorum
1519 2632 1641 2688 ostendit
1663 2632 1741 2687 Dens
1763 2631 1824 2702 ipse
1846 2630 1984 2686 Pharaoni
2007 2628 2144 2699 Exod.t,

445 2718 487 2771 eie
505 2716 625 2771 Domini
649 2713 749 2772 Genea.
773 2722 803 2784 t,
830 2733 857 2769 r.
885 2721 924 2785 lb,
950 2715 1003 2770 boc
1026 2722 1083 2784 est,
1108 2732 1126 2769 a
1142 2716 1279 2771 consortio
1307 2739 1332 2775 v.
1354 2726 1398 2776 to:
1421 2720 1458 2772 In
1475 2720 1527 2772 boc
1545 2720 1638 2789 ipsam
1658 2726 1684 2771 te
1703 2720 1835 2781 accitam,
1852 2726 1883 2771 et
1901 2719 2071 2771 comederem
2086 2732 2142 2786 po·

444 2802 592 2865 ecclesiae,
616 2801 645 2856 in
671 2818 727 2873 que
746 2802 805 2856 sole
820 2800 910 2855 amica
927 2800 980 2856 Dei
997 2800 1084 2855 iacies
1102 2801 1278 2872 conspicitur.
1307 2806 1422 2860 tentiam
1448 2822 1551 2873 mom,
1580 2813 1607 2858 et
1633 2806 1849 2858 commoretur
1873 2820 1974 2857 eomes
1999 2816 2088 2856 etum
2111 2803 2145 2857 ts

444 2887 522 2944 Caini
541 2887 725 2943 idololatriam
743 2893 773 2942 et
791 2886 962 2957 impietatem
979 2886 1068 2942 secuti
1087 2894 1152 2942 sunt
1168 2904 1224 2942 non
1237 2904 1280 2943 so·
1307 2894 1439 2946 aoicono
1466 2899 1553 2945 terra.
1595 2897 1619 2945 t.
1636 2888 1730 2960 Hujus
1748 2889 1801 2945 loci
1819 2894 1863 2944 est
1878 2887 2064 2945 consideratio
2084 2887 2145 2957 ille,

443 2976 500 3030 lnrn
518 2975 621 3045 posteri
640 2974 735 3044 ipsius,
755 2973 804 3027 sed
821 2974 904 3030 etiem
916 2973 996 3027 multi
1009 2990 1042 3028 ex
1060 2973 1279 3044 patriarcharum
1307 2979 1382 3050 quod
1393 2994 1463 3050 gens
1472 2975 1627 3030 ltmilitica
1637 2975 1697 3029 iere
1705 2975 1734 3031 in
1744 2975 1805 3046 ipso
1814 2974 1968 3031 meditullio
1976 2977 2147 3048 οἰκουμένης

444 3060 548 3130 libaria,
567 3076 629 3115 cunr
649 3067 742 3114 tamen
759 3059 885 3130 utrisque
901 3059 994 3113 aditus
1013 3059 1050 3113 ad
1068 3059 1211 3114 ecclesiam
1224 3075 1278 3113 non
1306 3064 1390 3119 inerit
1409 3063 1508 3134 posita,
1526 3062 1568 3117 ita
1585 3069 1618 3117 ut
1637 3062 1708 3116 odor
1725 3061 1867 3118 docuinee
1884 3062 1914 3117 in
1931 3076 2025 3116 omues
2043 3061 2145 3117 mundi

445 3153 518 3202 met
534 3145 695 3217 simpliciter
706 3152 734 3200 et
746 3144 871 3200 absolute
888 3145 1057 3216 praeclusus.
1084 3144 1279 3200 Considerctur
1306 3156 1399 3221 partes
1412 3147 1875 3220 tacilcpotueritindcpropegari.
1890 3146 2146 3203 RebbiAbaneara

444 3233 490 3288 bic
515 3232 673 3287 tristissima
697 3231 833 3304 querella,
859 3229 960 3288 Genea.
985 3237 1015 3300 e,
1038 3251 1064 3286 v.
1083 3239 1111 3288 2:
1143 3234 1280 3286 Viderunt
1307 3252 1389 3306 super
1409 3234 1547 3292 tllccles.
1565 3233 1787 3304 Hierosolymam
1804 3235 1835 3288 ia
1854 3234 1931 3287 ortis
1947 3233 2042 3288 scedio
2058 3233 2145 3289 sitam

438 3320 501 3391 ,titt
518 3318 577 3374 Dei
600 3319 677 3384 filiae
701 3319 856 3388 Ιιοιιιίιιιιιιι,
881 3320 959 3388 quod
974 3327 1063 3373 essent
1076 3320 1229 3389 psdcirae,
1253 3328 1279 3373 et
1306 3340 1367 3379 esse
1392 3320 1469 3378 dicit.
1513 3327 1539 3378 8.
1566 3322 1662 3393 Atque
1686 3319 1752 3377 hine
1775 3325 1820 3376 tot
1846 3326 1874 3377 et
1898 3325 1957 3375 tarn
1980 3319 2145 3390 prreetem

445 3414 610 3475 occepeswt
625 3405 681 3457 sibi
698 3421 807 3472 amoses,
824 3420 895 3473 pons
912 3404 1055 3458 volebant:
1082 3404 1112 3460 id
1129 3410 1185 3474 est,
1202 3406 1281 3460 nulla
1307 3408 1491 3466 confessiones
1521 3424 1631 3472 eorum,
1663 3406 1712 3479 qui
1744 3423 1778 3462 ex
1806 3406 1965 3479 gentilitate
1988 3406 2027 3462 ad
2048 3406 2143 3462 Deum
2157 3419 2197 3462 ro.

444 3490 542 3546 habita
557 3490 668 3562 pietatis
688 3490 733 3546 vel
751 3489 894 3563 religionis
911 3491 1034 3557 ratione,
1054 3505 1137 3548 caeco
1156 3491 1280 3547 libidinis
1306 3496 1544 3551 Hebraeorumee
1555 3498 1763 3562 converterunt,
1776 3491 1862 3548 veludi
1870 3492 2021 3562 dethronln,
2032 3492 2144 3562 Baltab,

444 3578 551 3650 impetn
574 3576 666 3646 ducti,
692 3576 741 3632 filii
767 3577 988 3648 patriarcharum
1009 3594 1108 3633 uxores
1126 3578 1179 3633 sibi
1197 3580 1279 3634 duce
1307 3568 1533 3650 Gibeonitarum,
1551 3580 1607 3636 iob
1624 3584 1653 3635 et
1669 3579 1820 3634 amicorum
1836 3581 1912 3650 ejus,
1930 3579 2016 3648 Ruth,
2031 3578 2146 3634 Hirami

444 3664 528 3729 bent,
551 3680 621 3735 quas
638 3664 782 3720 volebant:
811 3681 867 3719 non
890 3664 1068 3735 patiebantur
1084 3681 1102 3720 a
1118 3663 1281 3735 perentibus
1307 3665 1381 3741 regis
1396 3667 1491 3738 Tyrii,
1518 3667 1632 3739 reginae
1653 3665 1764 3733 Austri,
1787 3665 1945 3721 Nahnmani
1966 3664 2046 3737 Syri,
2062 3665 2143 3721 Nini·

444 3749 499 3805 sibi
515 3767 613 3805 uxores
632 3750 692 3805 dari
710 3757 778 3819 etc,
803 3756 835 3805 ut
852 3757 966 3806 annotat
981 3750 1066 3822 Hugo
1094 3767 1121 3804 v.
1140 3757 1168 3805 5:
1197 3760 1223 3806 st
1240 3752 1280 3805 oi·
1307 3757 1440 3818 vitarum,
1458 3752 1752 3818 Nabuchodonosoris,
1776 3751 1870 3819 Darii,
1893 3750 1976 3822 cyri,
1996 3750 2146 3819 Abasveri,

445 3838 488 3890 dit
505 3837 648 3904 Jetoooi,
671 3838 749 3905 qaod
771 3837 859 3890 malm
878 3845 947 3890 esset
962 3837 1074 3891 molitio
1092 3837 1233 3891 lominum
1251 3840 1281 3892 ie
1310 3843 1456 3897 Persarum
1488 3856 1507 3894 a
1535 3837 1721 3893 Mardocbaeo
1749 3853 1945 3893 conversorum
1973 3844 2028 3892 eto.
2057 3843 2147 3908 atque

446 3930 538 3976 terrm
557 3924 635 3991 qnod
645 3939 723 3976 omne
741 3923 900 3991 mentam
917 3923 1114 3991 copitotiomum
1131 3925 1281 3979 cordiseo·
1309 3928 1440 3992 aliorum,
1466 3941 1536 4002 quoe
1565 3924 1666 3995 partim
1682 3923 1816 3992 nominat,
1834 3923 1936 3995 partim
1954 3923 2054 3979 reticet
2071 3923 2147 3980 Scri·

444 4023 509 4062 nen
528 4008 755 4062 tantummodum
774 4009 851 4061 ossei
868 4009 922 4072 die,
940 4027 966 4062 v.
979 4015 1010 4065 6:
1028 4009 1068 4062 lit
1081 4010 1221 4079 poenituit
1232 4011 1281 4064 Je-
1310 4021 1398 4084 ptura
1427 4011 1466 4066 Et
1482 4010 1661 4083 singulariter
1680 4009 1822 4066 observari
1838 4009 1922 4066 veliin
1937 4010 2031 4065 locum
2040 4009 2147 4080 Aeco,

445 4093 560 4161 imm,
579 4093 655 4163 mort
671 4094 787 4159 fecisset
804 4093 927 4148 tomtses
945 4095 976 4147 iss
993 4101 1079 4162 uma,
1099 4102 1126 4148 st
1142 4096 1235 4149 doluit
1251 4097 1282 4150 iss
1310 4118 1334 4154 v.
1354 4106 1386 4167 o,
1407 4097 1456 4152 ubi
1478 4097 1593 4164 dicitur,
1618 4096 1693 4168 quod
1718 4096 1748 4150 in
1767 4095 1923 4151 Jcnndsn
1942 4094 2046 4151 inerint
2065 4095 2147 4154 broi·

446 4181 532 4233 sorde
554 4196 614 4235 esso.
650 4184 674 4234 o.
704 4177 775 4233 (lum
798 4195 866 4250 ergo
886 4178 963 4234 Deus
989 4179 1025 4235 ob
1049 4196 1188 4235 enormem
1209 4180 1282 4236 hanc
1309 4190 1399 4239 tentes
1416 4183 1467 4238 viri
1487 4182 1611 4251 εὐλαβεῖς
1627 4199 1661 4237 er
1678 4180 1754 4236 omni
1770 4181 1890 4250 natione,
1908 4197 1981 4252 quas
1999 4182 2052 4238 snb
2066 4182 2148 4239 coelo

444 4265 587 4320 bominum
611 4265 746 4320 malitiam
769 4265 894 4337 generali
918 4266 1087 4337 cataclysmo
1105 4274 1133 4322 ct
1151 4266 1235 4322 bruta
1253 4274 1282 4322 et
1309 4276 1357 4324 cst.
1403 4274 1428 4324 9.
1453 4268 1528 4335 Quin
1551 4268 1636 4322 etiam
1658 4267 1729 4323 liber
1752 4274 1869 4323 naturae
1890 4267 2021 4338 gentibau
2044 4267 2149 4324 debuit

445 4352 570 4407 hominos
591 4368 609 4406 u
631 4351 776 4422 superficie
793 4360 884 4407 terrae
902 4351 995 4407 delere
1012 4352 1213 4420 constituisset,
1238 4359 1280 4409 ta·
1307 4372 1368 4410 csse
1397 4354 1530 4426 magister
1561 4354 1672 4409 divinae
1701 4352 1875 4424 cognitionis.
1921 4352 2001 4408 Dicit
2028 4355 2147 4426 quidem

445 4454 508 4492 men
520 4437 680 4493 recordatus
693 4437 898 4493 misericordiae
910 4453 977 4492 suae
988 4454 1021 4492 ex
1034 4436 1169 4493 immensa
1180 4444 1279 4511 prlav-
1308 4440 1449 4512 apostolus
1467 4441 1562 4496 Actor.
1583 4446 1622 4509 tt,
1639 4459 1665 4495 ι.
1686 4446 1731 4496 to:
1749 4442 1827 4509 quod
1840 4442 1921 4493 Deus
1938 4442 1970 4494 iss
1976 4442 2149 4512 proderitis

445 4530 557 4593 opulnto
575 4522 722 4578 Noachum
740 4524 855 4594 ejusque
869 4539 979 4578 uxorem
1000 4529 1028 4579 et
1045 4524 1117 4579 filios
1135 4531 1164 4580 et
1181 4542 1280 4580 uxores
1306 4528 1532 4595 perorationibus
1555 4526 1694 4581 dimieerit
1719 4543 1813 4582 ommes
1838 4531 1932 4597 peotes
1951 4526 2067 4595 ingredi
2083 4530 2149 4585 otas

443 4608 561 4665 tiliorum
581 4615 742 4664 conservat:
763 4609 817 4663 illis
830 4626 863 4664 en
881 4625 947 4663 arca
965 4609 1082 4681 egressis
1100 4611 1176 4665 verbi
1189 4611 1280 4667 lucem
1307 4633 1386 4681 ruas,
1404 4615 1453 4668 sed
1468 4613 1562 4669 statim
1578 4614 1657 4668 addit
1674 4632 1701 4671 v.
1723 4620 1762 4682 tt,
1782 4615 1860 4684 orroei
1875 4631 1931 4668 eoa
1948 4613 2100 4683 reliquerit
2115 4629 2148 4670 se

442 4696 565 4752 vicissim
591 4696 719 4752 accendit
739 4702 769 4751 et
790 4712 853 4751 cum
877 4695 934 4751 illis
951 4705 1066 4767 pactum
1083 4714 1165 4752 suum
1183 4698 1281 4753 statuit
1307 4700 1469 4774 ἀμάρτυρον
1497 4701 1556 4755 eine
1583 4701 1756 4770 testimonio,
1789 4700 1857 4772 quia
1879 4698 1910 4755 ei
1937 4700 2066 4770 morie
2097 4703 2148 4758 reri

443 4781 513 4838 Gen.
533 4788 558 4849 9,
572 4801 599 4839 v.
612 4788 636 4839 t.
663 4780 834 4837 Debuissent
851 4799 917 4854 ergo
935 4784 1036 4853 posteri
1048 4783 1155 4852 Nohae,
1174 4784 1279 4854 exqui-
1308 4791 1375 4843 orco
1401 4785 1527 4860 perrois
1549 4789 1581 4842 tv
1603 4785 1705 4847 crissie.
1741 4787 1856 4844 Roman
1875 4793 1906 4856 1,
1928 4804 1955 4841 r,
1975 4792 2023 4843 ta:
2047 4787 2149 4843 imici·

443 4868 495 4924 bus
513 4885 609 4926 omnes
625 4875 723 4941 gentes
740 4874 912 4941 propagatae
928 4869 1009 4938 (Gen.
1027 4875 1103 4934 10,v.
1116 4873 1176 4938 ³2),
1201 4871 1280 4927 verbi
1308 4874 1378 4928 titio
1405 4875 1478 4928 enim
1505 4875 1567 4944 ejas
1593 4892 1613 4928 c
1642 4881 1777 4928 orestes
1801 4874 1900 4928 maedi
1920 4890 1975 4943 per
1997 4891 2048 4937 en,
2073 4891 2149 4944 paee

443 4955 572 5010 coelestis
586 4955 735 5026 puritatem
748 4954 882 5010 illibatam
896 4961 980 5026 atquc
992 4954 1153 5010 inviolatam
1171 4973 1280 5013 conser-
1301 4963 1388 5027 foeta
1406 4969 1477 5030 οιιιιι,
1493 4959 1637 5024 intellecto
1655 4960 1873 5029 conspiciamur,
1889 4955 2061 5029 eimpderm
2079 4979 2149 5032 qno-

443 5055 509 5095 rara
523 5049 551 5096 et
564 5042 600 5096 ad
612 5058 708 5097 ornnes
721 5045 846 5111 posteros
858 5057 1027 5111 propageret
1045 5042 1095 5096 sed
1108 5040 1177 5097 Gen.
1194 5048 1233 5099 11.
1246 5061 1280 5100 οι
1308 5063 1359 5116 pas
1383 5047 1444 5115 ejas
1462 5046 1552 5100 cirtae
1568 5054 1593 5101 et
1612 5045 1759 5115 divinitae,
1785 5046 1827 5100 ita
1845 5054 1878 5100 rst
1894 5047 1951 5100 sint
1969 5046 2148 5108 ammte

442 5125 517 5178 inani
541 5126 647 5197 gloriae
673 5127 840 5198 cupiditate,
865 5124 1023 5193 Epicureae
1047 5127 1211 5197 securitate,
1236 5129 1279 5184 sui
1307 5133 1355 5196 les,
1373 5150 1399 5191 v.
1418 5138 1460 5187 20.
1477 5132 1606 5188 nimirum
1624 5139 1721 5203 gentes
1742 5132 1809 5190 illae
1826 5138 1904 5189 exne
1923 5131 2070 5190 metutam
2082 5151 2149 5204 par*

442 5209 633 5280 admiratione,
646 5220 718 5269 etut
728 5213 871 5284 Thargum
881 5211 1164 5283 Hierosolymitanum
1174 5215 1279 5276 statuit,
1306 5218 1356 5274 tim
1385 5218 1521 5274 constanti
1549 5218 1625 5273 fama
1653 5219 1689 5274 de
1717 5218 1780 5276 Deo
1807 5218 2012 5290 Iara'e'litarum,
2040 5221 2149 5290 pmcn

441 5294 614 5352 idololatriae
631 5297 817 5354 instituendae
834 5297 942 5364 studio,
962 5298 1059 5354 turn'm
1077 5298 1279 5371 Babylonicum
1307 5303 1469 5360 celebritate
1498 5303 1655 5376 signorum,
1682 5307 1783 5376 partim
1809 5305 1935 5376 exemplo
1957 5321 2067 5375 eorum,
2096 5307 2149 5379 qui

442 5389 582 5440 cubuere
600 5388 739 5453 augunt
768 5384 852 5439 iusto
870 5383 959 5454 igitur
975 5383 1030 5439 Dei
1044 5385 1153 5454 judicio
1166 5387 1280 5454 linguae
1306 5406 1340 5445 ex
1362 5389 1518 5461 gentilitate
1542 5405 1574 5446 se
1596 5389 1633 5446 ad
1656 5392 1802 5448 ecclesiam
1823 5391 2007 5448 lsre'eliticam
2030 5410 2149 5450 conver·

443 5472 566 5538 ipsorum
595 5470 806 5530 confunduntur·
834 5485 860 5525 v.
882 5475 912 5523 i:
939 5476 965 5523 et
990 5487 1076 5539 οιφοι·
1087 5473 1200 5540 sacione
1218 5474 1280 5527 reut'·
1305 5482 1410 5544 terant,
1446 5477 1547 5545 partim
1573 5477 1760 5534 eonscientiae
1786 5495 1854 5536 tuae
1882 5477 2015 5548 suumn,
2038 5480 2146 5551 purtim

442 5571 539 5610 ursae
559 5563 652 5610 terrae
676 5556 876 5625 diepmpumcr
898 5574 923 5610 v.
941 5563 966 5614 8.
1002 5563 1025 5613 1.
1047 5557 1116 5612 Post
1133 5558 1279 5630 dispersio·
1306 5562 1405 5618 notitia
1426 5562 1481 5619 Dei
1503 5562 1618 5635 aliquali
1640 5564 1672 5620 in
1695 5563 1853 5620 visibilibus
1876 5563 1974 5620 mundi
1998 5567 2148 5637 proposita

442 5658 505 5698 uem
523 5640 601 5697 illam
621 5648 650 5698 et
665 5641 792 5699 Nimrodi
816 5642 952 5698 sincerum
970 5643 1036 5698 DEI
1059 5645 1165 5701 cultum
1184 5651 1279 5703 conte·
1305 5648 1415 5704 incitari
1441 5648 1595 5705 debuerant
1620 5650 1657 5706 ad
1680 5665 1777 5705 rernm
1798 5648 1853 5705 Dei
1875 5649 1983 5706 cultum
2007 5649 2146 5710 Israelitis

441 5727 572 5784 minantis
595 5727 754 5799 apostasian
779 5726 956 5786 Abrabamus
979 5731 1137 5787 immediate
1162 5732 1279 5788 nono
1306 5735 1439 5791 usitatum
1470 5735 1674 5807 inquirendum.
1728 5733 1772 5790 Ex
1800 5734 1973 5807 inspectione
2001 5744 2146 5796 natura-

441 5820 557 5870 vocetur
574 5821 625 5885 est,
645 5821 677 5870 nt
693 5813 765 5870 inter
781 5813 944 5872 Cumaeos
959 5817 1077 5874 verbum
1094 5816 1148 5874 Dei
1166 5819 1282 5876 doceret
1305 5837 1367 5876 rum
1395 5821 1553 5893 potuissent
1581 5839 1615 5880 eo
1643 5835 1804 5894 amurgam,
1833 5829 1866 5880 ut
1896 5828 2053 5880 renuent
2082 5839 2146 5882 unc

442 5905 471 5958 et
500 5899 634 5962 adens
664 5899 818 5962 ᾶοοιιὶιιιιιι
846 5898 930 5977 longe
957 5902 1070 5980 haqes
1094 5911 1278 5980 promeret:
1304 5905 1410 5980 Deorn,
1428 5905 1589 5966 debuissmt
1604 5906 1692 5982 igitur
1708 5905 1825 5966 ιὶιιιίιιι
1841 5908 1993 5984 procedere
2010 5914 2041 5966 et
2056 5908 2144 5984 buius
