5017 6675
439 671 478 731 re
529 752 533 765 Ι
1030 680 1032 687 ·
1116 658 1446 732 wwflffl'tfflsst

435 818 581 890 pronun
598 837 654 876 aa
670 821 820 891 pensare
845 820 888 874 aa
907 820 1046 888 quonum
1064 819 1193 887 asama
1209 832 1273 884 902·-
1296 776 1387 885 primi
1401 817 1535 886 param
1558 817 1678 887 aspa,
1700 817 1782 887 aaa
1797 816 1950 894 amaea
1966 816 2049 886 raa
2065 821 2137 875 aaa

437 905 506 959 dum
532 905 668 976 [quarum
688 909 773 978 prius
790 924 845 961 non
864 914 904 961 eet
920 909 1003 972 sacta
1018 905 1143 975 noemia]
1160 905 1274 957 dieatm
1299 904 1383 957 etiam
1408 905 1486 959 circa
1510 906 1583 960 tales
1611 923 1667 960 non
1695 905 1858 973 sacuam,
1886 921 1972 974 quam
2001 922 2137 974 mapnum

436 1008 511 1044 nanc
546 994 661 1060 inqredi
688 993 855 1062 plenitudo,
894 1010 956 1045 cum
988 1001 1069 1045 tanta
1093 990 1273 1060 promiscuae
1299 990 1375 1044 illud
1396 999 1543 1060 peecatum
1568 993 1670 1060 fuerit,
1696 993 1922 1057 aemcnnraeum
1943 1008 2022 1046 nemo
2041 1001 2137 1047 aretem

438 1078 540 1131 matis
568 1086 594 1131 et
620 1080 788 1133 conditionis
813 1079 954 1133 lominum
980 1078 1063 1132 mdia
1090 1080 1120 1132 in
1147 1075 1273 1130 omnious
1296 1085 1444 1146 putaretur
1471 1096 1527 1131 non
1555 1078 1687 1132 innocene
1711 1078 1809 1147 nasci,
1836 1078 1895 1131 miei
1919 1078 2004 1132 ctiam
2029 1078 2137 1133 talibus
2196 1136 2199 1141 ,

437 1164 610 1232 memorre,
636 1181 709 1234 quae
726 1167 778 1243 rub
795 1167 873 1220 coelo
889 1174 965 1231 sunt,
990 1166 1051 1218 sine
1070 1164 1177 1220 Christi
1192 1161 1274 1231 isati·
1299 1170 1368 1216 erret
1395 1164 1508 1217 nonium
1537 1182 1593 1220 non
1620 1166 1732 1219 renaeei
1762 1169 1814 1220 ete.
1862 1163 1899 1219 Et
1928 1171 2039 1236 posteat
2068 1166 2138 1220 Non

357 1266 359 1271 ·
432 1250 569 1318 ficatione
591 1251 771 1305 moriantur!
794 1254 847 1305 sed
868 1252 967 1306 iorum
985 1251 1180 1319 mysteriorum
1191 1248 1273 1316 judi·
1299 1248 1456 1316 irreli9iose
1482 1251 1608 1303 arbitror
1632 1250 1713 1313 credi
1734 1266 1823 1320 neque
1846 1250 2070 1305 inconomienter
2094 1251 2138 1304 in·

440 1336 599 1404 eiomemque
621 1354 725 1393 caueae
744 1339 811 1407 piru
835 1346 860 1391 et
887 1340 987 1392 duetus
1006 1337 1140 1404 maqister
1159 1330 1274 1404 [Paulus
1299 1335 1395 1404 telliqi,
1413 1337 1491 1405 quod
1506 1336 1556 1389 icti
1571 1352 1728 1404 paucorum
1744 1338 1854 1391 Mem
1865 1337 1991 1392 laminae
2002 1337 2139 1391 adilian

440 1422 593 1493 apostolus]
624 1423 725 1477 moluit
752 1425 795 1477 ad
823 1424 1002 1478 altitudinem
1033 1422 1197 1475 diritiamm
1227 1437 1273 1473 ea·
1295 1421 1455 1490 pertineant
1471 1423 1583 1490 prateae
1597 1430 1718 1491 partem,
1735 1438 1928 1492 quaeeernper
1944 1423 2085 1478 advertis
2099 1429 2140 1478 cn

437 1508 563 1576 pientiae
580 1510 641 1564 Dei
661 1511 848 1579 scimtiaeque
865 1511 1047 1579 mepcndere,
1071 1524 1155 1576 quam
1173 1507 1274 1576 justic-
1300 1508 1426 1576 impensa
1451 1510 1626 1579 mamilae,
1656 1526 1714 1579 qua
1735 1510 1831 1579 utique
1851 1511 1879 1564 si
1902 1510 1968 1564 bene
1995 1517 2141 1564 maenus

438 1595 527 1647 urnae
551 1594 680 1649 aeriani
706 1604 732 1650 et
754 1586 1034 1650 mismicmdiseimae
1059 1593 1191 1646 bonitatis
1213 1591 1274 1643 cul-
1300 1612 1394 1648 eorum
1412 1604 1561 1665 porentee,
1585 1596 1671 1649 etiam
1691 1596 1750 1665 ipsi
1760 1612 1816 1665 per
1833 1597 1945 1650 eosdem
1957 1597 2140 1666 jusum,

439 1687 560 1733 tractum
584 1682 620 1733 al
644 1682 767 1735 humana
783 1684 950 1749 capitatione
970 1688 1103 1733 meretum
1122 1678 1273 1732 temeraria
1301 1682 1424 1734 omnium
1450 1698 1571 1750 namque
1592 1683 1709 1736 exordia
1724 1682 1925 1752 parvulorum,
1948 1691 2061 1753 roeoqa
2083 1684 2142 1739 illa

439 1766 617 1835 amatrices
637 1768 775 1822 diecuure
794 1777 846 1825 etc.
881 1767 919 1822 Et
936 1773 1046 1838 pastea:
1070 1767 1152 1819 latet
1169 1765 1275 1817 ducre-
1299 1768 1446 1836 principia
1463 1785 1514 1821 nec
1534 1769 1602 1821 dum
1622 1768 1775 1821 rationalis
1793 1769 1936 1836 infantiae
1953 1769 2003 1822 eui
2016 1770 2141 1826 arbitrio

439 1853 524 1907 110πὺ
542 1854 597 1906 icto
615 1855 706 1923 ratio,
728 1857 781 1908 red
795 1873 851 1908 non
872 1855 940 1908 latet
960 1854 1025 1922 ipea
1045 1852 1196 1906 &metior
1220 1867 1276 1901 non
1297 1854 1395 1922 jacent
1412 1853 1564 1908 voluntates
1582 1854 1703 1918 alienae,
1724 1871 1776 1908 nec
1791 1855 1852 1909 uilo
1864 1857 1949 1910 modo
1963 1855 2004 1909 eie
2016 1856 2076 1910 aiei
2083 1873 2142 1926 per

440 1939 624 2008 intelliqimue
627 1940 814 2008 judicantem,
823 1941 1008 1994 ecdaidemus
1017 1946 1193 2007 operantem:
1207 1936 1278 2005 quid
1304 1940 1377 1993 aiios
1401 1941 1512 1994 consuli
1518 1996 1521 2005 ,
1533 1949 1642 2011 pateat,
1669 1949 1698 1994 et
1722 1957 1891 2011 consequent
1918 1949 1973 2011 eet,
2002 1942 2072 1996 e'iloc
2099 1944 2143 1997 ad

441 2025 648 2079 calumniamur
660 2027 793 2095 justitiae
810 2026 944 2092 occultae,
963 2026 1013 2094 qui
1025 2025 1136 2092 qratiae
1148 2024 1277 2076 aeonia
1304 2042 1399 2079 eorum
1419 2027 1561 2096 pertinere
1584 2027 1768 2096 consortium,
1792 2044 1910 2097 quorum
1933 2027 1980 2081 eei
2000 2036 2077 2082 recto
2095 2028 2141 2083 rel

441 2111 656 2164 misericordiae
683 2113 875 2179 manifestae!
900 2111 1046 2163 iassdemue
1070 2118 1096 2163 et
1119 2124 1278 2162 amemur
1300 2127 1392 2179 prauo
1421 2120 1555 2180 requntur
1587 2115 1688 2184 affectu
1720 2119 1770 2168 ete.
1828 2112 1907 2168 Simul
1937 2121 2030 2168 uatem
2061 2115 2142 2168 circa

441 2199 520 2268 quod
539 2200 648 2266 aqitar,
672 2199 740 2268 quia
759 2207 848 2251 emam
868 2206 909 2252 eet
925 2198 1045 2264 nescire,
1071 2197 1149 2266 qaod
1167 2195 1275 2264 tepitur.
1304 2197 1428 2266 majores
1447 2207 1564 2268 praeter
1587 2199 1670 2253 iilam
1693 2200 1853 2267 qeneraiem
1874 2200 1998 2267 pran
2018 2203 2141 2270 parcius

440 2282 487 2338 lib.
516 2292 539 2340 2.
566 2285 601 2339 de
623 2291 714 2340 vocat
737 2289 813 2354 gent.
840 2300 864 2337 o.
887 2290 912 2338 t:
942 2283 1073 2346 stamoie
1096 2284 1138 2336 ad
1155 2282 1276 2335 omnium
1304 2291 1387 2353 atque
1414 2285 1551 2339 occultius
1574 2286 1695 2338 omniurn
1718 2286 1857 2339 lominum
1875 2288 1965 2340 corda
1978 2287 2142 2356 pulum

442 2371 583 2424 hominum
601 2371 772 2424 uocationem
789 2368 963 2437 eoanpelium
975 2370 1155 2438 diriperetur,
1173 2384 1277 2422 omnes·
1305 2371 1498 2425 excellentiore
1529 2387 1626 2441 apere,
1663 2358 1788 2441 turpiore
1820 2388 1949 2441 manue,
1981 2375 2142 2443 potentiore

443 2472 496 2527 que
513 2458 654 2510 Dominae
669 2457 764 2510 calcor
777 2457 845 2525 sieri
860 2465 887 2510 et
905 2458 946 2509 ad
964 2457 1132 2523 aqnitionem
1149 2454 1278 2508 emmane
1304 2457 1404 2510 virtute
1428 2458 1538 2512 vocatio
1564 2459 1698 2527 specialia
1721 2459 1861 2525 exordiar,
1886 2460 1929 2513 ita
1954 2460 2039 2513 dmm
2060 2461 2141 2515 cerea

443 2544 527 2597 nollet
542 2545 645 2612 uenire,
663 2561 719 2599 non
736 2551 828 2597 tamen
840 2544 897 2596 nti
908 2544 1149 2613 dicpeuationum
1162 2559 1277 2595 suarum
1304 2544 1463 2597 innumerae
1495 2544 1635 2613 parvulae
1669 2546 1768 2598 eadem
1804 2546 2003 2606 manifestatur
2029 2546 2142 2617 electio,

329 2634 368 2675 IV·
382 2632 430 2676 Μ·
444 2631 599 2684 abstulerat
612 2638 788 2699 potestatem,
806 2638 838 2684 ut
855 2631 948 2699 ahter,
965 2647 1048 2700 qaam
1067 2630 1174 2683 craias
1186 2630 1278 2698 jueta·
1304 2646 1376 2698 quae
1393 2631 1505 2699 quidem
1522 2646 1572 2684 neo
1590 2630 1664 2699 illie,
1689 2631 1740 2700 qui
1754 2631 1851 2685 renati
1866 2649 1921 2685 non
1936 2640 2012 2701 ruet,
2036 2633 2067 2685 in
2082 2649 2141 2702 pa·

443 2732 497 2787 que
514 2717 629 2786 judicio
652 2724 801 2785 statuerat,
825 2717 940 2770 cancelii
965 2717 1011 2770 eui
1028 2718 1099 2769 ordo
1118 2718 1277 2769 decurreret
1304 2715 1426 2770 rentibus
1444 2716 1551 2783 defuit,
1578 2717 1629 2769 red
1646 2716 1697 2785 iis,
1722 2716 1773 2785 qui
1789 2718 1883 2772 renati
1899 2725 1977 2782 sunt,
1993 2734 2064 2788 prae
2080 2735 2139 2789 pa-

444 2806 495 2858 ete.
529 2801 568 2857 Et
583 2808 694 2873 postam
718 2803 762 2855 rei
782 2810 877 2870 qestae
895 2804 1028 2856 docemur
1044 2802 1183 2871 exempto.
1202 2804 1279 2871 quod
1304 2802 1427 2856 rentibus
1444 2802 1556 2871 adsuit,
1581 2803 1623 2856 ita
1645 2811 1678 2876 ut
1702 2803 1797 2858 multis
1814 2820 1912 2875 caepe.
1935 2822 2005 2875 quos
2021 2822 2140 2859 suorum

442 2889 514 2942 inter
541 2889 687 2955 qeneralia
709 2888 852 2958 promim
880 2888 925 2942 oet
950 2906 1038 2958 opero
1059 2889 1105 2941 ael
1124 2895 1278 2957 praecepta
1303 2889 1431 2958 impietae
1455 2889 1592 2955 deseruit,
1618 2889 1776 2942 alienorum
1800 2907 1868 2944 cum
1892 2891 2031 2959 mmmm,
2055 2898 2082 2944 et
2100 2892 2143 2946 ad

443 2976 583 3044 quaedam
599 2975 680 3028 Deus
696 2992 715 3027 a
733 2975 919 3028 communitae
936 2982 1050 3044 eccepto
1066 2976 1168 3041 camis,
1186 2974 1277 3027 oecul-
1304 2975 1542 3043 repenerationem
1558 2975 1684 3028 uenerint
1696 2992 1752 3045 per
1768 2984 1919 3045 maneae,
1937 2993 2011 3046 quae
2028 2978 2071 3030 eie
2084 2995 2142 3033 non

442 3061 515 3115 tiore
540 3061 617 3116 norit
639 3061 774 3114 ordinare
800 3061 918 3115 ratione.
942 3079 966 3118 o.
991 3068 1023 3118 ez
1051 3061 1182 3114 Altitudo
1207 3061 1278 3114 divi·
1306 3070 1366 3116 erat
1382 3062 1562 3132 providenda
1570 3077 1625 3130 per
1635 3062 1794 3131 prominoe5
1813 3063 1844 3117 in
1860 3079 1914 3132 que
1932 3079 2016 3133 opere
2027 3064 2143 3132 mattae

440 3136 548 3202 'mm
573 3147 730 3217 sapientiae
753 3155 780 3201 et
797 3148 930 3201 amentiae
948 3148 1020 3214 Dei,
1044 3149 1125 3217 cujus
1142 3148 1279 3200 inscruta-
1306 3148 1368 3217 quie
1383 3147 1439 3201 nisi
1452 3146 1699 3215 arroqantirsimue
1714 3156 1799 3217 atque
1818 3148 2031 3203 caniseimuede
2042 3151 2143 3204 divina

444 3233 515 3287 lilia
531 3242 595 3286 eunt
603 3234 723 3302 judicio
744 3243 770 3288 et
787 3235 995 3303 inuestiqabilee
1011 3232 1088 3298 mae,
1112 3236 1154 3288 eie
1171 3251 1280 3304 semper
1298 3234 1417 3303 juetitia
1434 3242 1629 3304 conqueratur,
1647 3234 1725 3303 quod
1740 3252 1797 3288 non
1816 3236 1941 3290 omnibus
1952 3237 2086 3306 pavant
2104 3237 2142 3292 ci·

443 3321 668 3376 mirericordiam
700 3339 780 3375 euam
813 3329 839 3375 et
862 3322 1008 3391 juetitiam
1039 3321 1215 3393 temperarit,
1249 3329 1280 3375 ut
1306 3321 1383 3375 milis
1395 3321 1577 3391 procidentia
1595 3321 1731 3391 ranculat,
1751 3320 1899 3394 omniaque
1912 3323 2052 3393 pericula,
2070 3342 2142 3393 qcsae

445 3409 632 3463 missino
663 3409 772 3461 aciani
800 3408 914 3463 aemilii
937 3407 1078 3463 uoluntate
1102 3410 1224 3464 noluerit
1249 3411 1279 3462 in
1307 3416 1476 3463 mortuorum
1493 3408 1699 3476 praecationem
1713 3408 1865 3477 maldera
1876 3417 2004 3479 portent,
2027 3419 2077 3465 aut
2088 3428 2144 3481 por

446 3496 573 3549 omniluc
590 3512 675 3565 asper
693 3512 787 3550 omnee
803 3497 996 3565 penerationee
1013 3504 1064 3550 aut
1080 3513 1166 3567 super
1186 3514 1279 3551 omnes
1306 3504 1403 3549 teetate
1419 3496 1576 3549 submoveat
1596 3503 1645 3549 aut
1661 3495 1843 3550 mueratione
1854 3498 2046 3566 praeveniat.¹
2064 3501 2144 3567 qaod

443 3583 567 3636 homines
592 3584 725 3653 aequales
749 3585 888 3638 donorum
908 3601 1021 3638 morum
1043 3600 1101 3637 esee
1118 3601 1279 3638 mmeraae:
1305 3585 1401 3653 utique
1429 3598 1498 3650 erpa
1523 3599 1617 3637 omnes
1639 3582 1681 3636 ita
1697 3583 1795 3651 fieret,
1826 3584 1855 3636 ei
1876 3583 1920 3637 cta
1943 3584 2010 3648 fieri
2030 3586 2143 3640 omnino

442 3668 582 3739 etquidem
608 3668 692 3722 aliter
710 3686 757 3723 eor
767 3670 888 3739 juverit,
911 3686 981 3739 quoe
999 3672 1040 3723 ad
1058 3673 1278 3738 coqnoecendum
1306 3671 1416 3723 deberet
1442 3675 1493 3723 eto.
1537 3666 1682 3724 Hactenus
1709 3668 1887 3737 Ambrosius,
1914 3668 2017 3741 quibus
2042 3670 2144 3726 similia

442 3772 473 3810 ee
489 3755 563 3809 coeti
579 3763 605 3808 et
616 3762 708 3809 terrae
720 3755 884 3810 tammoniie
895 3756 1089 3825 conveniebat,-
1108 3758 1193 3811 aliter
1205 3756 1284 3821 iilos,
1306 3749 1415 3810 exstant
1432 3754 1460 3808 in
1478 3754 1568 3825 Epist.
1591 3761 1645 3810 111.
1666 3755 1786 3827 August
1803 3756 1839 3810 ud
1859 3754 2002 3827 Optatam.

443 3842 542 3910 queem
559 3858 615 3896 non
632 3842 722 3894 solum
741 3840 937 3898 elementorum
956 3841 1107 3905 famulatu,
1124 3845 1176 3897 sed
1193 3845 1279 3897 etiam
1343 3847 1398 3898 139.
1424 3840 1569 3897 Haotenus
1588 3840 1695 3913 egimus
1715 3842 1750 3897 de
1769 3841 1859 3912 primo
1879 3848 2052 3915 ammento,
2065 3841 2142 3915 quod
2153 3845 2206 3890 2¹<

444 3928 574 3980 doctrina
592 3927 675 3995 lepis,
698 3928 902 3996 prophetarum
921 3929 1057 3996 maculis,
1076 3930 1277 3984 miraculorum
1305 3927 1506 3984 universalitati
1528 3927 1681 3983 vocationis
1704 3927 1860 3998 opponitur.
1902 3928 2031 3986 Alterum
2057 3945 2141 4001 urgu-
2155 3910 2206 3992 iiii.

443 4015 533 4084 siqnic
556 4022 583 4067 et
605 4015 769 4082 unqetorum
792 4016 1036 4083 cooperationibue
1052 4018 1229 4071 consaaeu:
1253 4026 1278 4072 et
1305 4021 1429 4070 mentum
1461 4031 1516 4070 non
1544 4014 1643 4069 minori
1670 4030 1735 4069 cum
1761 4013 1926 4071 difficultate
1951 4017 2142 4087 conjunctum.
2155 4013 2206 4095 ὀξ

443 4102 531 4155 multo
555 4103 647 4166 maqie
673 4102 759 4167 aliter
786 4103 1012 4156 mirericordiam
1036 4120 1117 4157 meam
1140 4106 1279 4158 universis
1307 4102 1432 4156 Etiamei
1454 4100 1603 4172 [inquiunt]
1633 4102 1729 4155 multt'e
1746 4102 1883 4171 offeratur
1898 4103 2024 4172 verbm,
2046 4110 2142 4158 tomen

443 4187 600 4241 hominibus
622 4187 822 4257 declaraverit,
845 4190 960 4257 quando
983 4188 1078 4242 bitiae
1100 4190 1161 4243 Dei
1181 4191 1278 4254 fuctus
1305 4190 1384 4258 apud
1399 4204 1509 4257 paucae
1532 4188 1696 4256 mctfficat.
1732 4184 1828 4241 Causa
1853 4205 1909 4243 non
1924 4195 2018 4257 potcct
2038 4190 2144 4258 quaeri

443 4282 483 4329 en
500 4273 595 4329 etam
618 4274 749 4341 hortinis,
772 4281 803 4327 ut
826 4274 997 4328 inveniretur
1018 4275 1054 4329 ab
1071 4276 1126 4342 eir,
1149 4276 1199 4345 qui
1217 4293 1277 4330 eum
1304 4276 1334 4329 in
1362 4274 1535 4340 dominium,-
1572 4273 1675 4342 quippe
1703 4289 1820 4342 quorum
1851 4274 1973 4328 omnim
2000 4275 2074 4329 ciret
2108 4277 2142 4331 in

443 4376 499 4413 non
514 4361 682 4429 quaerebant
699 4365 761 4428 eto,
780 4367 806 4413 et
824 4368 931 4429 quamn
948 4362 977 4413 in
990 4362 1157 4430 praeteritis
1176 4364 1278 4416 reculis
1303 4361 1499 4431 spiritualibus
1518 4359 1613 4413 nudae
1630 4367 1710 4413 runt:
1737 4360 1868 4413 Ultimum
1888 4376 1954 4429 erqo
1970 4361 2001 4414 in
2012 4361 2141 4417 aleohto

443 4462 527 4515 super
544 4454 670 4500 caeteras
687 4447 824 4514 nationes,
842 4454 923 4499 tanta
939 4463 1013 4500 nunc
1031 4456 1100 4501 esset
1118 4449 1149 4502 in
1160 4449 1277 4504 Judaea
1304 4450 1415 4501 decreto
1432 4446 1583 4513 refaqium.
1619 4443 1842 4515 Respondemus:
1870 4444 2039 4518 Simplicitas
2057 4446 2138 4504 cusi·-

442 4540 521 4601 9enee
541 4534 672 4602 parcitas
684 4534 803 4601 prmissa,
820 4550 882 4586 cum
900 4542 992 4587 tamen
1007 4535 1170 4589 introducta
1186 4537 1277 4605 pleni-
1304 4534 1395 4589 siena
1416 4532 1542 4588 inhaeret
1562 4531 1703 4604 parabolis
1720 4530 1823 4587 Christi
1841 4531 1953 4588 Mean·
1963 4539 2003 4589 16.
2022 4533 2091 4592 Luc.
2114 4539 2140 4593 8.
2154 4544 2195 4585 lv.

444 4620 541 4674 tudine
562 4619 684 4687 pentium
707 4621 790 4672 etiam
815 4619 941 4688 ipsomn
967 4621 1101 4675 ariditati
1125 4624 1277 4676 earundem
1305 4620 1467 4692 propositis:
1484 4619 1523 4675 ibi
1541 4618 1613 4673 enim
1632 4617 1794 4685 ostenditur,
1812 4635 1933 4687 musam,
1947 4635 2142 4691 qaureseman

442 4708 616 4776 ripationum
651 4707 799 4759 inundatio
834 4709 1014 4775 spondeatur.
1071 4708 1148 4771 Quae
1183 4710 1278 4778 itaque
1304 4706 1381 4762 verbi
1404 4723 1462 4761 non
1484 4704 1635 4761 fructificet
1652 4705 1727 4776 apud
1747 4721 1858 4771 omnes,
1883 4705 2005 4761 residere
2023 4707 2054 4762 in
2071 4707 2142 4779 ipsis

442 4810 546 4849 caueae
564 4793 628 4847 'sint
650 4783 752 4846 larum
769 4792 821 4845 sub
838 4794 935 4846 eadem
953 4794 1050 4860 qratia
1068 4795 1278 4873 dissimilimdi-
1304 4792 1475 4848 hominibus:
1501 4808 1618 4864 quorum
1644 4791 1758 4863 quidam
1787 4792 1903 4848 verbnm
1926 4792 2059 4861 audiunt,
2087 4795 2142 4851 sse

441 4899 515 4949 num,
534 4896 639 4951 quaem
658 4878 791 4942 rationes,
810 4880 915 4932 sanc&
928 4878 1085 4948 &mpura
1095 4897 1152 4934 non
1166 4882 1279 4951 loquen-
1305 4880 1371 4952 qula
1389 4898 1445 4936 non
1463 4885 1603 4948 oastoaas,
1622 4879 1749 4935 diabolus
1767 4895 1801 4933 ax
1820 4879 1941 4951 ipscmm
1959 4878 2089 4936 cordibus
2109 4881 2144 4937 id

441 4968 514 5021 tibus
537 4967 600 5037 quis
622 4966 771 5036 loqsseturt
793 4973 819 5019 et
838 4965 944 5019 cumin
963 4966 1138 5019 euidentia
1157 4969 1280 5037 apostoli
1305 4967 1425 5022 vicissim
1449 4965 1537 5038 rapit:
1567 4965 1680 5037 quidum
1704 4965 1823 5020 andiunt
1846 4965 1976 5035 verbum,
2000 4967 2050 5022 sed
2074 4968 2145 5039 qnia

443 5053 532 5106 Pauli
554 5072 574 5107 a
599 5053 789 5122 disputatione
814 5059 940 5105 transeat
961 5054 1002 5105 ad
1017 5060 1174 5123 stuporem,
1199 5056 1280 5124 cujus
1305 5060 1370 5109 sunt
1387 5051 1553 5122 npiasuspes
1571 5058 1599 5107 et
1617 5067 1673 5105 non
1691 5049 1796 5106 habent
1813 5050 1952 5121 radicem,
1968 5052 2034 5107 iude
2051 5051 2094 5136 ⁶¹1
2110 5061 2146 5123 nt

444 5140 498 5193 erit
513 5145 593 5193 tama
606 5141 789 5209 praesumtio,
808 5140 860 5209 qui
873 5140 941 5193 iaec
961 5139 1127 5193 disserendo
1144 5141 1279 5195 ecietimt
1304 5140 1380 5194 factu
1401 5138 1580 5193 tribulatione
1603 5144 1632 5192 ot
1657 5137 1851 5208 persecutione
1878 5143 1993 5209 propter
2015 5137 2145 5212 verbam,

444 5225 602 5292 aperienda
615 5227 714 5293 potiar
732 5242 816 5295 qrsam
831 5225 943 5279 alendo
961 5226 1119 5279 miranda!
1306 5225 1400 5281 statim
1420 5224 1650 5279 scandalizentur.
1687 5223 1806 5289 Quidam
1820 5223 2072 5293 audiuntverbnm,
2091 5227 2145 5282 sed

481 5314 537 5365 1³8.
572 5308 617 5364 Do
639 5310 793 5366 infantibus
816 5310 846 5365 in
871 5310 1026 5382 gentilitate
1042 5312 1117 5366 uatis
1136 5311 1279 5368 itu'disse·
1305 5310 1494 5368 solicitudinas
1522 5310 1607 5382 hujus
1634 5310 1709 5367 vitae
1740 5318 1769 5367 et
1796 5310 1910 5366 fallacia
1935 5311 2095 5366 divitiarum
2114 5313 2146 5369 in

443 5395 480 5450 rit
496 5400 520 5450 2.
542 5395 578 5448 de
603 5401 693 5450 vocat.
714 5403 788 5467 gent.
813 5412 837 5450 o.
858 5400 887 5451 8:
912 5395 980 5450 Cum
1007 5397 1219 5451 cassideramuc
1237 5399 1279 5451 in·
1305 5398 1434 5453 cordibus
1460 5397 1570 5452 illorum
1593 5396 1663 5451 illud
1687 5396 1832 5451 suffocant
1875 5394 1997 5460 Quidum
2019 5396 2146 5469 denique

443 5489 484 5535 ter
497 5498 643 5550 poponus,
668 5482 742 5535 inter
759 5483 905 5546 Judaeos,
922 5483 995 5536 inter
1011 5483 1183 5548 haereticos,
1206 5487 1280 5538 inter
1290 5445 1294 5548 Ι
1305 5484 1334 5537 in
1360 5483 1444 5538 eorde
1461 5483 1534 5539 bono
1552 5489 1581 5538 et
1597 5483 1704 5538 sincero
1723 5481 1868 5538 audientes
1884 5483 2002 5538 verbum
2019 5482 2147 5541 retinam

442 5570 520 5639 ipsos
543 5568 697 5621 catholicoe
713 5568 897 5636 Clerumenoe,
916 5586 999 5639 qrtom
1016 5569 1165 5637 multiplea
1177 5578 1279 5639 pereat
1306 5574 1334 5623 et
1359 5568 1480 5623 fructum
1507 5568 1628 5625 afferunt
1656 5567 1847 5639 inpatientia.
1881 5568 2043 5641 Impediunt
2062 5570 2146 5634 verbi

443 5671 574 5708 numerus
594 5653 797 5722 paruulorum,
823 5671 892 5723 quos
919 5663 1051 5723 mantum
1076 5657 1118 5708 ad
1140 5657 1279 5726 proprias
1304 5654 1424 5709 fructum
1442 5662 1529 5725 petra,
1547 5655 1635 5726 spina,
1654 5655 1789 5710 volucres.
1823 5654 1883 5709 Has
1900 5670 1999 5710 causas
2010 5657 2148 5727 proponit

439 5742 560 5810 pertinet
575 5738 746 5807 voluntates,
764 5753 851 5808 neque
868 5740 970 5793 bonum
986 5740 1099 5811 aliquid
1117 5758 1205 5811 neqsse
1218 5760 1278 5796 ma·
1304 5739 1444 5822 christae,
1469 5741 1519 5795 has
1546 5757 1645 5796 cauam
1670 5740 1849 5811 amplectitur
1867 5757 1932 5796 rere
1957 5739 2145 5800 christiam

441 5826 499 5879 an
515 5833 622 5880 conant
639 5824 736 5893 aquen
753 5825 895 5895 mama,
912 5843 997 5895 super
1009 5843 1056 5881 eos
1069 5826 1152 5881 ittam
1164 5843 1277 5882 manere
1304 5826 1351 5884 Sic
1367 5825 1435 5881 Lao.
1456 5831 1497 5896 14,
1516 5843 1541 5882 v.
1561 5832 1600 5884 te.
1618 5828 1648 5883 in
1664 5826 1799 5904 parabola
1816 5826 2025 5899 patrisfamilias
2039 5843 2147 5900 parcn-

439 5912 617 5988 mm,
643 5927 730 5987 quam
752 5910 903 5970 mamas
927 5914 1278 5986 peimpraecorieoticee
1303 5905 1952 5988 tisooemmugnumortenditurzcuussn,
1978 5927 2145 5988 quumuon
